2684 5258
336 767 397 832 na
414 769 640 834 aunmnms
659 772 806 836 ronns.
824 789 853 850 μ
869 779 916 832 14.
929 771 969 832 n.
1110 771 1165 829 ros

136 930 247 1014 henr,
265 932 360 1000 aliud
374 935 491 1001 animal
508 934 593 1002 aliud
609 935 761 1022 pabulum
774 935 982 1014 consedlatur,
997 931 1042 997 ita
1055 929 1086 996 in
1102 884 1164 996 po,

136 1032 185 1101 tt'u
196 1034 287 1101 alius
301 1035 441 1118 fabulas,
457 1037 535 1102 aliua
550 1036 703 1117 historias,
722 1037 802 1101 alius
816 1038 909 1102 verba
920 1033 1081 1119 decerpit:
1106 1054 1164 1098 nos

136 1136 227 1203 mimi
244 1160 443 1226 morumque
465 1138 603 1204 fructum
626 1138 658 1203 in
680 1138 790 1225 primis
801 1126 991 1224 quaeramus,
1006 1148 1039 1200 et
1055 1148 1162 1198 atten-

136 1234 245 1303 damus
272 1238 317 1304 ad
346 1241 493 1328 exempla
515 1240 667 1305 virtutum
696 1239 903 1319 fortitudinis,
930 1237 1161 1324 temperantiae,

136 1336 266 1427 justitias.
304 1341 433 1430 Ulyffes
446 1341 637 1413 Diomedem
652 1342 798 1408 hortatur
810 1341 851 1407 ad
866 1338 1086 1428 pugnandum,
1100 1337 1160 1404 ad·

140 1439 299 1521 dent—li
320 1449 380 1530 γὰρ
401 1443 521 1530 bum
538 1443 687 1524 'Parnm
713 1442 740 1507 ri
763 1470 808 1507 κον
830 1448 892 1520 νῆας
914 1441 961 1528 ἴλῃ
984 1439 1159 1528 κορυθαίολος

136 1539 262 1633 ‘Ea-rag:
282 1543 382 1610 hahet
396 1544 652 1632 fignificationem
666 1545 756 1611 fortis
769 1545 837 1625 viri,
850 1543 906 1631 qui
920 1542 952 1608 in
967 1543 1032 1630 ipso
1045 1541 1159 1608 mortis

143 1643 286 1731 periculo,
301 1645 406 1734 magis
420 1634 570 1726 dedecus,
585 1668 680 1732 quam
694 1659 842 1724 mortem,
856 1646 979 1711 timeat.
1014 1643 1158 1710 Achilles

147 1742 243 1813 durius
267 1746 443 1835 alloquitur
470 1748 638 1814 Priamum.
686 1751 735 1813 At
756 1762 886 1814 noverat
907 1747 937 1813 se
958 1747 1023 1832 ipse
1044 1758 1159 1810 natura

148 1847 340 1917 'roeundtunr
372 1865 407 1917 et
432 1851 604 1937 prudenter
627 1851 706 1916 iram
729 1864 837 1917 cavet:
869 1848 1019 1915 Honoris
1040 1864 1158 1932 corpus

149 1942 237 2017 lutum
249 1964 285 2018 et
297 1953 438 2019 velatum
453 1953 558 2018 currui
571 1953 707 2039 imponit
718 1979 728 2033 ;
751 1976 791 2018 ne
808 1953 950 2017 lacerum
962 1948 1072 2013 videns
1087 1948 1155 2015 Pri·

150 2074 224 2119 tuns
235 2077 371 2121 moerore
383 2056 485 2122 villus
497 2057 646 2121 acerbum
660 2055 782 2120 didam
797 2054 829 2118 in
844 2054 874 2116 se
895 2050 1078 2136 conjiceret,
1090 2071 1156 2137 quo

150 2148 273 2220 aditam
292 2153 451 2234 incensus,
465 2155 530 2220 seni
546 2177 660 2219 manus
678 2153 818 2217 inferret.
853 2148 977 2237 Ulylles
998 2149 1076 2213 item
1097 2171 1155 2213 oo·

148 2254 287 2337 gnoscens
305 2255 534 2322 Telemachum
552 2257 771 2321 vehementem
791 2266 826 2318 et
846 2251 1003 2340 injustitia
1020 2251 1156 2332 osorem,

148 2370 213 2419 tum
224 2355 265 2420 ad
282 2356 482 2422 constantiam
502 2357 619 2436 munit,
640 2379 680 2421 ne
694 2355 725 2420 se
745 2355 790 2419 ira
810 2353 925 2419 auferri
944 2353 1032 2432 finat,
1053 2373 1154 2439 quum

148 2468 260 2539 patrem
280 2479 301 2521 a
320 2458 422 2544 procis
440 2459 600 2546 jactatum
622 2472 844 2544 raptatumque
865 2456 995 2521 videret.
1032 2455 1153 2522 Eadem

147 2554 305 2624 observatio
317 2557 494 2624 adhibenda
508 2562 549 2624 est
565 2559 691 2646 singulis
705 2558 895 2624 dictionibus
910 2584 917 2622 ε
942 2579 1006 2622 non
1021 2570 1059 2622 ut
1075 2557 1152 2624 Cle-

148 2656 238 2721 tuthit
257 2658 486 2725 cavillationem
511 2661 687 2746 sequamur,
713 2664 767 2721 Ζεῦ
789 2657 852 2736 ἄνα,
871 2660 1024 2735 Δωδωναῖε,
1046 2657 1155 2743 legere

143 2751 272 2841 jubentis
296 2784 362 2827 uuo
384 2764 480 2828 verbo
506 2766 699 2840 ἄναδοοδοοναῑε,
727 2762 824 2826 omniu
845 2761 964 2845 sursum
989 2759 1153 2846 prtfferens,

146 2870 304 2943 morans:
331 2884 389 2928 nec
413 2863 581 2950 Chryfippi
597 2862 812 2950 jejunitatem,
835 2861 1071 2945 interpretantis
1094 2863 1153 2926 Jo-

147 2976 203 3024 tem
216 2964 340 3051 εὐρύοπα,
352 2963 491 3028 validum
504 2965 535 3028 in
549 2965 719 3050 diffitenda,
734 2973 762 3024 et
772 2960 928 3047 fa'cultatc
942 2960 1080 3024 orationis
1094 2960 1155 3024 Istc
1234 3005 1239 3015 ·

148 3058 349 3150 spedimtm.
395 3068 476 3132 Haec
499 3065 741 3131 Grammaticis:
766 3087 824 3128 nos
838 3085 876 3128 ea
889 3064 1067 3149 sequamur,
1081 3085 1153 3149 quae

148 3167 381 3248 probabilitatem
403 3191 477 3233 cum
504 3168 610 3233 fructu
634 3189 759 3232 morum
781 3165 986 3253 conjunfilam
1012 3166 1150 3232 habent:

148 3264 225 3331 veluti
237 3269 309 3333 Olli
320 3296 358 3351 μο
370 3271 457 3350 θυμὸς
470 3269 585 3353 ἄνωγεν,
601 3268 654 3331 irai
667 3268 757 3349 μάθον
771 3267 882 3350 ippum
896 3269 995 3346 teth,
1005 3281 1039 3331 et
1051 3267 1154 3335 mulla

149 3360 247 3449 inilia,
260 3393 334 3457 quse
349 3371 509 3456 pertinent
526 3369 566 3433 ad
584 3367 710 3432 laudem
725 3369 888 3448 virtutum,
904 3369 934 3431 in
952 3368 1060 3454 primis
1074 3391 1151 3455 pru-

148 3462 254 3551 dentia,
276 3485 310 3537 et
329 3471 498 3537 ostendunt
519 3471 667 3535 virtutem
689 3471 721 3534 in
744 3471 845 3536 nostra
865 3470 925 3535 elle
945 3472 1096 3556 potestate
1113 3494 1151 3537 ac

148 3562 275 3637 dicendo
288 3573 477 3659 comparari.

177 3665 249 3738 xll.
278 3677 387 3752 Porro,
404 3687 443 3738 ut
464 3675 531 3760 apis
552 3696 591 3740 ex
612 3673 803 3738 amarissimis
821 3673 951 3738 floribus
965 3686 999 3738 et
1019 3674 1150 3759 asperri-

148 3771 194 3837 nir
206 3773 298 3861 spinis
311 3775 500 3840 leniffimum
514 3789 548 3839 et
561 3775 755 3839 utiliffimum
770 3774 834 3838 mel
848 3774 943 3851 facit;
966 3775 1010 3838 ita
1025 3774 1152 3859 juvenis

150 3868 228 3938 diluat
253 3896 293 3940 ex
316 3876 454 3961 pellimis
476 3877 572 3940 etiam
601 3876 679 3940 locis
705 3876 824 3961 aliquid
842 3874 988 3941 utilitatis
1016 3873 1150 3941 trahere.

149 3970 320 4062 Hujulmodi
341 3977 384 4041 est
397 3976 476 4041 illud
490 3978 754 4063 Agamemnonis,
768 3975 823 4062 qui
838 3975 974 4039 avaritiae
993 3976 1152 4063 sulpedlus

149 4073 189 4153 tl,
200 4077 282 4162 quod
294 4077 336 4141 ab
353 4076 484 4141 homine
501 4077 649 4141 ditissimo
671 4075 948 4162 praestantiffimam
963 4100 1076 4164 equam
1091 4080 1151 4147 do-

150 4191 181 4238 ιο
195 4177 323 4264 aceepit,
344 4199 482 4263 eumque
502 4199 522 4242 a
542 4178 663 4244 militia
686 4179 864 4243 necessitate
885 4177 1037 4244 liberavit.
1074 4180 1151 4247 Ari-

152 4271 253 4342 toules
274 4276 307 4342 id
329 4278 498 4343 commode
519 4279 560 4344 ad
579 4278 705 4343 laudem
724 4280 976 4367 Agamemnonis
991 4281 1152 4357 transfert,

153 4373 193 4456 tui
209 4377 375 4462 prudenter
395 4380 504 4445 fecerit
526 4379 739 4466 preponenda
758 4380 911 4466 generosa
933 4401 1014 4464 equa
1037 4379 1152 4464 ignavo

154 4470 212 4539 ¹31⁰·
240 4480 349 4546 'l'hetis
370 4481 548 4548 consolatur
569 4482 668 4546 filium
690 4480 863 4559 Achillem,
886 4480 1060 4545 admonens
1076 4501 1151 4543 eum

158 4590 310 4645 nvenerea
323 4581 395 4646 frui.
416 4584 563 4668 Turpiter
577 4582 617 4645 ad
633 4582 787 4666 speciem:
812 4595 845 4645 at
859 4578 1065 4666 turpitudinis
1080 4580 1149 4665 spe-

159 4667 205 4743 t'm
215 4678 361 4747 obruatur
371 4683 557 4767 apponenda
568 4679 706 4749 Achillis
719 4678 927 4761 continentia,
941 4677 995 4766 qui
1010 4679 1151 4766 quamvis

614 4800 676 4864 M3
