2684 5258
160 366 219 426 186
296 366 336 423 D.
349 364 402 423 W.
420 364 628 424 ANIMADV.
648 363 697 424 IN
717 350 950 425 Puutnucffl
969 365 1051 425 uu.

158 530 292 612 σςιγγός,
312 550 331 591 a
347 527 510 612 Stephano
531 526 763 604 immunitum,
784 540 818 591 ct
834 527 876 591 ab
895 548 962 591 uuo
984 527 1092 593 nolito
1110 528 1154 593 libr

161 629 229 693 Pol.
244 629 478 707 confirmatum,
501 629 629 715 reliquis
650 628 800 694 omnibus
817 631 926 714 λυγγὸς
940 629 1154 695 exhibentibtu

159 750 234 793 nam
249 729 349 794 codex
364 732 396 793 D
409 731 450 793 ab
464 730 555 795 initio
568 730 664 817 hujus
677 729 773 795 libelli
788 730 885 816 usque
899 730 941 795 ad
960 753 995 818 p.
1010 750 1067 817 31.
1080 733 1116 795 E.

159 831 250 895 cidit.
293 830 426 895 Distum
449 854 513 895 non
537 831 612 895 alibi
634 831 665 896 in
687 833 843 897 Veterum
864 831 990 919 scriptis
1009 832 1154 918 deprehen

158 932 275 996 dimus.
319 932 537 1018 Hieronymus
552 933 692 997 Wolsrus
713 933 745 997 in
765 937 889 997 Annot.
905 933 949 997 ad
966 933 1154 1001 AEscbiuisll

158 1048 216 1096 rat.
232 1030 272 1095 de
288 1032 374 1096 Falsa
387 1033 563 1117 Legatione
582 1055 613 1119 p
629 1036 723 1118 1326
742 1033 857 1120 inquit,
881 1039 906 1073 “
921 1035 1154 1103 Plutarchum

159 1133 354 1197 “iambicum
368 1134 450 1195 trinu
447 1146 543 1213 trum,
560 1132 605 1197 Ω
620 1135 790 1217 curceium
803 1137 908 1219 λυγκὸς
921 1136 1038 1201 aialdu
1037 1139 1154 1225 ςἿιιΙω,

157 1235 212 1300 ille
234 1235 362 1322 quidem
389 1234 461 1299 libri
483 1235 617 1323 alicujus
644 1236 844 1316 auctoritate,
871 1237 925 1301 sed
951 1250 1010 1303 aut
1035 1237 1154 1313 ιιιοιιιαῇ

158 1337 323 1423 deceptus,
352 1353 408 1401 aut
431 1337 527 1402 tacita
548 1338 729 1426 conjestura
752 1339 927 1424 corrigens.
970 1338 1154 1427 Equidem

158 1440 314 1526 μηχάνημα
327 1456 360 1504 et
376 1440 545 1520 παιπάλημα
559 1441 635 1505 huic
649 1440 722 1505 loco
736 1440 897 1520 convenit,
911 1440 959 1505 itu
971 1440 1072 1507 illud
1062 1464 1092 1507 ιιι
1102 1462 1153 1509 ou·

159 1542 266 1619 nibus,
287 1541 376 1607 boc
369 1565 401 1605 m
420 1541 509 1606 nullo
531 1542 573 1605 est
593 1541 694 1606 libro:
719 1541 871 1627 quodsi
863 1565 896 1605 m
916 1566 985 1608 ιιιιο
1002 1543 1152 1630 reperim,

160 1641 395 1728 praeferendmn
420 1641 467 1706 illi
493 1641 636 1706 videatur
663 1641 821 1727 exquisitae
850 1643 981 1708 nomine
1008 1641 1153 1731 eleganti,

161 1743 203 1809 de
216 1766 280 1831 qua
294 1743 459 1809 videantur
471 1742 625 1831 Taylorus
638 1743 681 1809 ad
696 1742 855 1809 AEschinis
873 1745 965 1810 Orat.
978 1758 1151 1811 memorauit

159 1869 192 1932 p.
215 1866 280 1931 33:
310 1847 501 1930 interpretes
527 1844 568 1909 ed
595 1844 793 1932 Hesychium
821 1843 855 1911 io
879 1868 958 1912 uoce
984 1846 1151 1929 Πιιιᾶψι

160 1945 391 2012 Valckenarius
404 1945 445 2008 ad
458 1944 618 2031 Euripidis
631 1945 766 2031 Hippol.
783 1969 817 2033 p.
830 1948 903 2014 208.

204 2049 255 2110 16.
269 2049 309 2110 Ε.
331 2047 491 2125 driuidum
511 2046 561 2126 μὲν
582 2050 654 2109 orriri
675 2046 814 2129 φιὸιιμέιιι
832 2049 878 2112 τὸν
890 2052 1062 2137 Ποσειδῶνι]
1081 2044 1151 2115 Rtffi·

159 2160 231 2211 tuto
246 2152 316 2210 αύτῖι
330 2168 387 2232 pro
402 2150 486 2224 αὐτὲ,
500 2168 563 2209 ιιοιι
578 2145 789 2211 desideramus
799 2148 1010 2217 correctiones
1020 2150 1066 2216 rel
1077 2148 1150 2223 littl-

158 2249 192 2314 fii
205 2246 269 2335 ᾅὸι,
285 2247 333 2311 vel
352 2246 465 2311 Reisltii
479 2245 512 2310 alu
524 2254 584 2326 τοῦ,
599 2246 648 2311 vel
661 2247 779 2334 Toupii
792 2257 840 2313 τοῦ
853 2248 895 2313 ad
912 2250 1052 2338 longia.
1062 2272 1092 2337 p.
1103 2264 1151 2330 171·

157 2351 246 2415 Nam
260 2348 334 2436 quia
355 2346 411 2411 illo
432 2346 569 2412 Homeri
590 2344 674 2427 loco,
696 2370 793 2433 quem
815 2349 969 2436 significat
987 2347 1150 2421 Plumctn

159 2453 252 2518 lliutl.
273 2459 313 2516 Τ.
335 2456 388 2517 60.
412 2452 503 2517 Pluto
524 2453 605 2516 timet
627 2475 664 2515 ne
686 2450 850 2538 Neptunus,
865 2466 956 2541 rupta
977 2467 1066 2536 terra,
1084 2468 1151 2517 uu!

158 2557 303 2643 detegeret
316 2557 374 2621 diis
388 2556 622 2641 hominibusque:
645 2556 678 2620 in
699 2555 829 2642 proclivi
846 2569 914 2621 erat
931 2554 1073 2643 suspicati
1089 2550 1150 2619 Pltl·

158 2657 292 2721 urcbmn
319 2657 397 2720 item
423 2655 464 2719 de
493 2656 626 2723 Plutone
648 2654 783 2719 timente
808 2657 1003 2742 Neptunum
1024 2653 1151 2743 cogitutt=

159 2758 213 2822 cui
234 2757 422 2844 cogitationi
444 2756 560 2820 sestius
582 2759 749 2822 comeniat
767 2766 815 2821 τοῦ
834 2755 899 2843 ᾆδε,
916 2759 967 2823 vel
987 2754 1152 2847 fimplexssb

157 2880 254 2943 quam
277 2856 443 2942 vulgatum
465 2860 560 2935 αὐτοῦ,
583 2872 640 2921 aut
661 2858 845 2943 ipsumhoc
869 2881 888 2923 ιι
911 2860 1004 2925 uobis
1021 2866 1151 2942 recepit!l

156 2963 250 3020 αὑτοῦ.
287 2957 390 3043 Atqui
403 2957 465 3021 hoc
479 2956 582 3043 ipsum
597 2980 695 3025 nexus
714 2959 875 3024 sententie
890 2961 1046 3047 postulate
1065 2957 1153 3045 quipp

155 3059 258 3124 senno
271 3059 314 3123 est
328 3058 368 3123 de
381 3059 521 3144 legente,
536 3060 590 3146 qui
615 3083 678 3125 non
697 3063 731 3135 ὡς
749 3065 841 3137 ἀληθῆ
861 3060 1051 3149 wgmlsxerq
1067 3062 1106 3124 rb
1117 3050 1151 3119 tl·

156 3186 219 3246 γον,
233 3157 346 3245 γοητείᾳ
357 3166 404 3236 τῆς
417 3166 573 3239 ποιητικῆς,
588 3160 706 3247 magico
721 3161 756 3224 vi
773 3162 883 3248 poeseos
900 3162 931 3226 iu
952 3160 1109 3247 phantafiae
1117 3172 1151 3221 fl·

156 3285 259 3328 rorem
274 3285 339 3326 non
353 3261 536 3346 abripiatur,
549 3275 586 3326 ut
600 3263 682 3348 quast
698 3262 841 3327 Plutonis
856 3265 1022 3349 personam
1035 3287 1070 3331 ac
1081 3260 1152 3343 tim·

156 3388 224 3430 rem
239 3363 393 3450 tirscipiat,
408 3363 501 3450 sedse
512 3365 570 3452 ipse
582 3364 786 3451 reprehendat,
803 3363 823 3426 sr
838 3364 920 3429 sorte
934 3366 989 3431 isle
1004 3366 1152 3441 timorem

157 3467 295 3531 incedat.
339 3469 448 3554 Atque
463 3467 533 3530 haec
548 3464 727 3552 descriptio,
742 3477 779 3529 ut
798 3464 951 3544 sublimis,
967 3452 1152 3533 ineffioxd

157 3568 298 3629 animum
324 3566 461 3652 legentis
485 3581 602 3632 terrore
629 3564 866 3651 percellendum
894 3582 928 3632 et
954 3567 1054 3654 impio
1077 3575 1153 3631 crtus

157 3662 411 3742 imbuendum,
402 3688 434 3728 m
458 3665 567 3749 primis
588 3687 608 3729 a
630 3665 778 3751 Longino
793 3664 832 3728 de
849 3665 986 3732 sublim.
1002 3668 1061 3731 lx.
1081 3663 1152 3729 inre·

157 3763 254 3850 pretis
269 3763 451 3828 cautionem
468 3765 620 3848 postulare
637 3765 812 3853 judicatur.
848 3767 975 3831 Notum
997 3768 1040 3831 est
1061 3771 1152 3843 lam·

157 3864 277 3943 &osredus
299 3888 380 3941 τινος,
406 3863 544 3949 aliquem,
566 3864 661 3929 veluti
689 3891 781 3931 manu
809 3867 927 3954 irp'etla,
958 3885 1041 3958 repre·
1025 3864 1152 3933 ebeudm'

156 3968 264 4032 minus
286 3966 366 4029 forte
389 3976 502 4029 notum
523 3966 559 4029 srt
577 3967 831 4049 erruapse'urbor'
822 3976 931 4049 εαυτοῦ,
941 3971 1153 4059 seiffitmrrptt·

156 4069 291 4131 haedere.
329 4063 431 4152 Atqui
445 4065 486 4130 fic
501 4065 687 4131 Plutarchus
706 4068 791 4155 Opp.
811 4070 898 4133 Mor.
913 4092 946 4157 p.
961 4088 1036 4155 447.
1051 4072 1096 4136 A:
1112 4082 1154 4129 ιιι·

156 4165 219 4227 ἔτᾶι
237 4170 277 4236 ier
296 4171 343 4242 τῆς
362 4167 455 4250 ψυχῆς
472 4161 486 4226 ὃ
503 4162 626 4247 πέφυκεν
647 4169 784 4247 ἐπιθυμεῖν
804 4165 851 4246 uel
871 4176 1020 4250 μετανοεῖν,
1039 4158 1154 4259 insili*

156 4264 203 4348 aa}
217 4266 336 4349 δεδιέναι,
350 4265 468 4353 φίρεῶας
480 4268 544 4355 πρὸς
556 4268 588 4334 ri
604 4271 704 4357 αἲχςόι
722 4271 763 4355 ὑφ’
779 4272 878 4353 ἡδονῆς,
899 4272 921 4359 ’b
941 4272 1078 4370 φεριμέιης
1088 4264 1154 4363 ¹rii-l

423 4536 571 4600 A
