2684 5258
289 738 347 800 DE
360 740 547 802 DISCERN.
560 743 683 802 ADUL.
697 744 749 802 AB
763 744 907 804 tumeo.
921 745 1005 821 pao.
1014 743 1050 802 E.
1125 749 1188 817 459

137 908 227 965 ανον
252 901 396 981 laedunt,
415 904 666 992 sanguinemque
687 905 827 971 fundunt
847 918 881 971 et
900 906 1045 984 ululant:
1068 916 1106 969 ut
1119 907 1187 970 Lu·

136 1001 249 1064 metii
262 1004 354 1067 uersu
367 1005 442 1088 631.
459 1006 643 1089 ponendum
662 1021 811 1092 putemus
828 1006 950 1070 —intcr
961 1007 998 1090 sc
1007 1004 1096 1090 sorte
1108 1017 1188 1068 cntco

143 1122 218 1164 ao:
239 1102 367 1167 Indum.
406 1107 566 1190 Frequens
588 1106 710 1170 mentio
730 1105 814 1171 istius
833 1106 1006 1192 religionis.
1041 1102 1191 1170 Catullus

147 1212 268 1267 totum
280 1204 421 1269 Carmen
435 1207 559 1270 LXIII.
575 1207 607 1270 in
620 1207 690 1294 ejus
704 1221 895 1292 argumento
906 1205 1086 1270 consumfit.
1113 1207 1190 1270 Pro·

156 1305 283 1388 penius
306 1309 351 1371 ll.
373 1326 425 1373 22.
448 1323 508 1391 15:
539 1310 601 1372 Cur
621 1309 731 1395 aliquis
748 1310 847 1396 sacris
867 1308 967 1371 laniat
984 1308 1048 1391 sua
1071 1305 1193 1369 brachia

156 1404 293 1470 cultris?
325 1408 371 1472 Et
385 1409 516 1495 Phrygis
534 1410 566 1472 iu
579 1434 649 1475 anuos
667 1411 791 1474 creditur
805 1411 848 1472 nd
860 1411 1024 1473 numeros?
1043 1406 1194 1471 Tibullus

161 1504 204 1569 I.
214 1527 243 1587 4.
256 1509 319 1594 69:
343 1510 389 1572 Et
406 1522 583 1574 tercentenas
600 1511 744 1576 erroribus
764 1511 880 1598 explent
893 1509 991 1588 urbes,
1005 1509 1050 1572 Et
1061 1511 1141 1595 secet
1153 1507 1198 1570 nd

157 1604 312 1696 *Phrygios
333 1609 413 1673 vilia
426 1610 555 1674 membra
568 1613 675 1676 modos.
712 1611 845 1676 Ovidius
868 1611 946 1675 Fast.
964 1610 1024 1673 IV.
1042 1609 1113 1674 180.
1129 1610 1193 1695 seq.
1234 1664 1238 1672 .

156 1722 245 1772 ..ποι
259 1728 332 1790 244.
367 1709 499 1775 Alcaeue
512 1712 750 1798 Epigmmmate
763 1710 943 1796 Antholog.
956 1712 983 1773 l.
999 1731 1032 1795 p.
1046 1725 1099 1792 70.
1120 1710 1194 1774 An·

172 1803 268 1872 tilius
285 1831 338 1895 ap.
359 1811 503 1876 anck.
523 1812 671 1878 Analest.
689 1815 729 1877 T.
746 1814 791 1877 II.
813 1836 846 1900 p.
862 1813 934 1893 284.
970 1811 1103 1898 Eryciue
1117 1809 1195 1875 ibid.

175 1920 213 1986 1>-
229 1924 296 1992 295.
341 1909 543 1976 Dioscorides
567 1914 627 1976 III.
651 1934 684 1997 p.
700 1931 775 1996 314.
796 1912 874 1976 edit.
889 1910 1027 1989 Brodaei,
1042 1907 1197 1974 Brunckii

179 2001 217 2069 T.
230 2009 253 2072 l.
267 2033 299 2095 p.
307 2031 384 2096 503·
400 2034 495 2098 quem
511 2013 572 2077 suit
586 2036 684 2100 quum
701 2013 927 2100 conigendum
941 2012 1121 2077 censerem:

171 2148 174 2153 ·
256 2110 381 2175 Reme·
398 2115 461 2199 ὑπὲρ
474 2113 567 2197 etipse
580 2117 666 2177 πολιοὶ
680 2114 769 2200 κρίνα,
785 2113 831 2194 ua)
841 2118 880 2177 τοὶ
894 2114 994 2191 συνήθη

296 2213 422 2296 Τῦμπαν’
437 2217 479 2277 ἐπὶ
496 2217 564 2302 §inp
579 2217 686 2303 μήποτ’
700 2214 891 2297 Ἀναξιμένους,

258 2310 316 2392 Ka}
327 2315 531 2400 περιδινήσαθε
546 2321 652 2400 μακμῆς
667 2315 846 2399 ἁνιλίγμοιτοι
857 2313 963 2400 χαίτης

173 2450 184 2464 ·
299 2413 466 2499 Στρυμονίην
480 2413 573 2497 ἄφετοι
587 2417 684 2488 δυάδες
697 2417 767 2496 ἀμφὶ
780 2415 879 2493 πόλιν,

175 2558 183 2565 -
254 2511 299 2579 Ἢ
312 2519 439 2601 γλοιιεμοὶ
452 2517 613 2590 πνεύσαντος
628 2520 666 2598 ἐφ’
681 2516 846 2602 ὑμετέροισιν
858 2517 985 2590 ἇδίιπῖαις

301 2616 438 2679 Πολλᾶκι
452 2621 516 2704 πρὸς
530 2618 662 2698 pannuciis
676 2620 744 2680 τοῦδ’
758 2619 887 2704 ἐχόρευσε
901 2617 994 2698 νόμους.

185 2711 277 2781 Versu
291 2717 406 2802 quinto
420 2738 479 2802 pro
493 2719 619 2792 dulciarium
634 2717 858 2782 substituebam
880 2719 1029 2803 ἀραγμοῖς,
1044 2715 1091 2778 vel
1105 2715 1204 2795 ὐμοτέ-

183 2840 232 2902 ςνος
251 2822 452 2902 ἀλαλαγμοῖςε
480 2820 583 2906 primo
602 2821 759 2905 legebam,
783 2818 891 2881 Bulurd’
911 2819 975 2901 ὑπὲρ
992 2814 1085 2897 rilinde
1103 2820 1207 2879 σκολιοὶ

181 2919 268 3004 uplm,
291 2920 409 2986 Saltatc
419 2923 512 3010 super
522 2923 660 3010 sepulcro
671 2923 807 3009 ſsnuasas
816 2920 1017 3009 saltationes:
1040 2919 1072 2981 in
1093 2917 1207 2983 eadem

172 3040 215 3085 re
234 3021 404 3108 Euripides
424 3024 568 3110 Cyclope
584 3043 665 3104 204:
688 3023 718 3086 τί
737 3023 911 3110 βακχάζετε·
936 3025 965 3084 οὐ
984 3019 1112 3092 Διόνυσος
1129 3018 1207 3099 τάδε,

172 3123 364 3209 olumnam
382 3132 510 3210 χαλινοῦ,
531 3126 676 3207 τυμπάνων
697 3128 721 3187 τ’
736 3126 905 3211 ἀράγμοιτα.
942 3119 1064 3185 Ibidem
1081 3122 1101 3183 6
1101 3133 1139 3203 5:
1162 3123 1207 3182 Ol

171 3222 244 3287 ullu
259 3225 387 3309 Βρόμιος,
403 3228 432 3288 od
446 3225 510 3288 τάδε
525 3227 620 3312 Χόροι,
642 3225 758 3311 Βάκχον
775 3251 806 3289 τε
820 3223 991 3311 θυρσοφὸμοι,
1007 3226 1051 3285 Οὔ
1064 3220 1210 3303 τομπῖινιιν

171 3326 406 3412 &Myrtos-m
440 3327 620 3410 Ἀλεξιμένυς
646 3342 680 3392 et
706 3328 874 3410 Ἀμφίπολιν
894 3325 983 3390 dedit
1003 3321 1209 3388 Brunckius:

182 3448 322 3514 quorum
344 3430 407 3495 hoc
429 3454 494 3495 non
515 3431 693 3517 requiram:
719 3430 885 3514 Strymonio
903 3427 974 3490 urbs
991 3446 1048 3510 per
1067 3427 1097 3489 se
1120 3437 1212 3490 notat

182 3528 422 3616 Amphipolim,
445 3545 479 3595 et
501 3533 603 3618 magis
625 3532 787 3619 poeticum
811 3529 854 3594 est
875 3548 971 3614 quam
995 3547 1111 3590 nomen
1134 3547 1210 3610 pro-

173 3631 302 3716 prium.
347 3634 462 3698 Sensus
484 3634 665 3720 hujusmodi
687 3644 832 3718 apparet,
856 3627 1028 3714 Tluadibns
1054 3625 1213 3689 clamanti·

174 3732 249 3813 lats,
264 3734 357 3822 iisque
370 3736 515 3799 occinente
534 3737 662 3814 tibicine,
681 3735 725 3797 ad
744 3734 832 3820 bujm
853 3729 965 3793 dulcem
975 3726 1083 3813 fimum
1100 3725 1214 3811 nnalles·

174 3857 240 3922 ¹que
252 3859 350 3900 nonio:
364 3836 480 3923 reliqua
494 3838 602 3900 ciuitas
613 3835 760 3921 saltavit.
794 3835 891 3898 Poeta
903 3851 968 3892 non
983 3825 1167 3890 nominatus
1181 3826 1214 3890 in

187 3935 390 4025 Gnllijambis
417 3937 504 4022 apud
530 3937 789 4022 Hephaestionem
817 3955 849 4019 p.
863 3951 925 4012 40:
960 3928 1073 3991 Γαλλαὶ
1102 3928 1216 4013 Μητρὸς

188 4039 267 4127 lpn‘ns
280 4040 441 4127 φιλόθνμσοι
458 4042 597 4127 δρομάδες,
618 4041 669 4115 nl,
689 4039 766 4102 ἔντεα
778 4041 954 4122 παταγέιτυο
974 4060 995 4118 :3
1016 4030 1134 4116 χάλκιοι
1149 4028 1216 4116 upl-

179 4155 278 4205 ταλα.
308 4141 431 4226 Stipem
447 4143 548 4206 Matri
562 4144 706 4206 Deorum
722 4139 881 4225 propriam
896 4134 1024 4220 reliquit
1040 4133 1153 4196 Cicero
1164 4131 1218 4195 De

191 4242 333 4330 Iaeglbus
349 4244 394 4308 II.
412 4245 462 4307 16.
497 4246 572 4308 Hoc
591 4244 633 4307 est
653 4243 780 4328 ἀγείρειν,
795 4238 971 4303 mendicari:
996 4236 1070 4298 hinc
1085 4232 1219 4319 ἁγόςτης,

193 4346 389 4432 μοῖςαγῦρτης,
404 4346 522 4410 Matris
536 4346 666 4409 Deorum
689 4344 840 4421 Sacerdos,
863 4340 985 4416 Gallus,
1000 4337 1102 4400 Matri
1112 4335 1221 4423 stipem

195 4445 344 4534 colligens.
374 4447 437 4512 Sed
451 4447 521 4512 baec
533 4447 629 4512 verbo
643 4446 795 4511 monuisse
809 4443 934 4509 sufficit.
967 4439 1059 4503 Plura
1073 4436 1221 4524 quivult,

182 4548 289 4614 ¹adeat
300 4548 363 4614 Th.
373 4550 594 4635 Dempsterum
607 4548 647 4612 ad
663 4547 767 4613 Rofini
782 4549 861 4610 Ant.
874 4546 968 4609 Rom.
984 4562 1017 4626 p.
1028 4561 1081 4626 99.
1096 4553 1128 4604 et
1141 4558 1222 4626 quoe

197 4647 307 4715 laudat
317 4648 381 4716 Th.
394 4649 513 4718 Gnleus
525 4648 566 4719 ad
579 4646 751 4718 lambuch.
765 4647 818 4716 De
830 4642 1016 4735 Myst.AEg.
1032 4661 1065 4732 p.
1075 4657 1148 4719 224.
1201 4692 1205 4702 .
