2684 5258
152 300 212 360 668
291 301 330 362 D.
344 303 394 365 W.
415 303 621 363 ANIMADV.
643 303 689 362 IN
710 302 945 363 PLUTARCHI
965 301 1041 360 ms.

153 477 254 548 genle,
277 463 570 552 indulgente-dili,
592 477 619 527 el
628 463 756 551 studioso
773 463 941 528 literam.
986 462 1075 550 Qum
1095 459 1178 548 vulgo

157 564 264 648 pueris
283 565 418 652 magistri
437 565 482 632 ita
501 567 744 652 interpretantes
763 565 942 641 inculcant,
963 562 1012 628 nli
1033 562 1137 649 aliqua
1153 584 1178 625 re

157 663 339 750 impliciter
353 665 412 732 else
430 667 537 730 babere
553 665 686 753 aliquan
703 690 774 730 ren.
812 665 925 751 Atqui,
940 665 972 730 0
986 663 1078 740 boni,
1092 663 1112 726 fi
1124 662 1179 727 duo

158 765 231 832 sunt
253 767 402 844 Ablativi,
428 769 509 834 alter
530 767 730 848 substantivi,
750 767 830 833 alter
850 765 1030 854 Adjechivia
1057 766 1110 830 hic
1126 765 1178 850 iple

158 865 308 951 fignificat
321 867 466 948 modurn,
482 892 547 955 quo
569 869 801 934 Substantirum
821 891 899 955 erga
916 867 1062 954 aliquem
1078 867 1175 931 utitur.

159 966 262 1053 Igitur
274 969 342 1053 resur
356 967 395 1053 est
407 982 494 1055 patre
508 992 572 1034 non
587 969 704 1036 dicitnr
717 992 775 1056 pro
788 968 895 1033 babuit
911 981 1042 1054 patrem,
1056 967 1110 1032 fed
1121 969 1177 1054 reses

156 1065 299 1153 estpatre
312 1068 466 1155 diligente,
481 1070 665 1157 indulgente,
686 1071 733 1135 rel
755 1069 857 1149 fimili,
879 1092 951 1156 pro,
969 1081 1089 1158 perirem
1098 1070 1178 1154 suan

157 1179 290 1253 experirer
301 1165 352 1253 est,
371 1169 487 1249 habau,
501 1194 573 1258 ergo
583 1170 622 1257 Ji
634 1170 814 1259 diligentem,
829 1169 1049 1257 indulgentem.
1083 1171 1176 1234 Habet

156 1269 242 1343 enim
256 1271 321 1336 vim
337 1271 454 1351 Pallrvi,
474 1273 602 1360 χρῶμά
618 1299 670 1339 rm
689 1279 823 1360 χαλκῷ,
842 1287 911 1338 utor
929 1273 1035 1360 alique
1051 1270 1176 1350 duraid

157 1374 212 1452 est,
226 1373 336 1462 aliquis
350 1376 464 1440 duriter
477 1400 520 1440 rae
534 1384 665 1440 rraerat:
687 1375 803 1456 Aciivi,
821 1374 951 1461 xpeispor'
969 1400 1022 1439 rrn
1038 1383 1171 1460 χαλκοῖς·

158 1474 284 1563 aliquem
304 1478 420 1542 duriter
440 1486 544 1544 tracis.
586 1478 690 1542 Miror
710 1500 774 1543 non
796 1477 957 1543 monitum
980 1479 1023 1542 ab
1048 1476 1128 1555 aliis,
1147 1474 1171 1537 irr

157 1576 268 1662 primis
283 1600 302 1643 s
315 1580 359 1644 D.
368 1579 536 1647 Vechnero
550 1579 582 1644 in
598 1578 829 1658 Hellenolexia,
840 1593 897 1642 aut
909 1577 952 1641 ad
968 1577 1059 1642 hunc
1071 1576 1173 1641 librum

157 1677 432 1767 adiligeutiffirms
445 1680 598 1746 doclrinae
613 1680 679 1745 viro
690 1682 744 1746 Jo.
754 1679 859 1747 Mich.
874 1679 1089 1765 Heutingero.
1119 1676 1174 1765 lgi-

158 1792 211 1845 tur
232 1781 294 1847 hoc
319 1781 477 1848 Plutarchi
497 1783 569 1848 loco
590 1781 737 1847 dedimus
761 1804 800 1847 ex
820 1781 1000 1861 codicibus,
1026 1780 1115 1868 qnod
1133 1801 1175 1846 rer

157 1881 223 1967 ipsa
237 1883 423 1968 postulabat,
435 1890 557 1970 χαλκῷ
571 1905 629 1970 pro
640 1891 785 1970 χαλεπῶς.

200 1998 252 2067 77.
269 1987 306 2048 E.
329 1985 359 2047 ἔκ
372 2012 441 2060 τινος
454 1986 566 2072 διήρους]
592 2011 628 2050 ex
644 1994 715 2078 οεβο
734 1987 870 2074 quadan,
893 1985 979 2050 reae
995 1983 1173 2071 interpretr-

156 2097 208 2147 tnr
221 2084 475 2150 Tncmkerus
495 2086 536 2150 ad
558 2087 609 2150 M.
624 2086 780 2152 Antonin.
796 2109 828 2173 p.
847 2086 918 2150 181.
934 2086 992 2151 cni
1005 2085 1173 2173 adjungen-

156 2184 216 2249 dus
230 2184 460 2256 Valckenarius
474 2187 514 2252 ad
530 2186 686 2274 Euripidis
702 2187 847 2252 Phoeniss.
862 2208 896 2273 p.
904 2207 960 2272 34.
974 2203 1010 2251 et
1019 2208 1076 2268 40.
1101 2190 1174 2252 Jun-

156 2309 351 2373 germanuus
371 2289 412 2353 ad
437 2288 597 2355 Pollucem
624 2291 682 2354 1v.
700 2309 772 2375 129.
811 2288 972 2354 Plutarchi
995 2288 1176 2375 interpreter

156 2410 320 2476 perperam
335 2404 463 2456 vertunt
478 2393 514 2455 de
528 2392 629 2457 hireni
643 2393 785 2480 quadan.

199 2507 253 2575 77.
268 2494 306 2557 Ε.
328 2493 475 2578 Διογέους]
508 2493 671 2578 Diogenes
694 2492 839 2559 Laertius
857 2493 918 2556 Vl.
936 2511 991 2558 22.
1015 2515 1056 2556 ex
1077 2492 1175 2557 'lheo-

157 2592 282 2678 phrallo
296 2593 434 2678 aliquam
453 2593 550 2680 hujus
570 2595 643 2659 facti
664 2610 785 2681 partem
806 2595 947 2681 attingit,
961 2593 1176 2683 —rlppasalrl

156 2696 202 2756 ris
216 2698 310 2769 οὐτολῆ
324 2695 393 2771 βίον*
415 2703 467 2776 μῦν
480 2698 649 2778 &resipuere
666 2696 857 2782 harplxorrer,
878 2697 956 2760 anisi
970 2715 1037 2776 φησι
1052 2699 1176 2787 Orippo·

157 2819 203 2866 ςος
216 2797 242 2855 ir
254 2800 295 2877 τῷ
308 2798 476 2879 Μεγαρικῷ,
490 2794 536 2873 ael
547 2795 617 2875 μήτε
638 2796 728 2873 noh-qr
743 2799 928 2878 ὴοζητοῦπα,
945 2798 1013 2876 μηδὲ
1026 2799 1125 2873 σκότος
1135 2801 1177 2863 el·

157 2892 320 2975 >scriniarios
335 2895 507 2970 ἤσοᾶοῦπά
524 2921 552 2959 rr
573 2905 627 2960 τῶν
645 2897 788 2966 δοκούντων
804 2902 982 2976 damnem,
997 2899 1087 2986 srs‘pss
1101 2903 1178 2984 ὲξὸρο

155 3000 203 3069 τῆς
215 2994 410 3080 ceperimus:
434 2994 523 3074 item,
536 3015 591 3077 40.
628 2997 792 3083 Copiofins
807 2997 970 3084 aliquanto
984 3013 1109 3067 etcum
1124 3021 1177 3063 no·

157 3096 217 3159 liro
239 3094 310 3161 loco
334 3097 564 3182 congruentius
588 3114 693 3161 narrat
712 3095 859 3162 AElianus
882 3099 958 3163 Var.
980 3099 1066 3165 Hill.
1089 3100 1178 3165 Xlll.

158 3200 210 3263 26.
1124 3256 1127 3260 ,

201 3300 310 3395 7713.
333 3300 480 3383 δημοτελῆ]
512 3300 563 3363 lta
584 3298 766 3385 Stephanus
787 3321 825 3363 cx
851 3298 917 3363 Pol.
939 3322 1082 3385 quocum
1104 3324 1177 3366 con·

157 3401 252 3473 sentit
270 3403 348 3468 Jun.
368 3416 401 3466 et
422 3401 534 3486 reliqui
555 3423 667 3465 omnes
683 3401 811 3487 scripti:
834 3414 928 3464 antea
948 3401 1104 3467 edebatur
1120 3429 1178 3467 m·

156 3507 258 3577 >arreni
280 3502 312 3568 in
334 3501 411 3568 Ald.
434 3503 503 3568 Bas.
524 3503 600 3590 Xyl.
637 3502 700 3567 Sed
724 3505 856 3584 δημοτελῆ
878 3502 980 3589 magis
1005 3521 1118 3591 aptum
1139 3506 1179 3570 rei

157 3602 321 3691 prasenti:
346 3603 487 3668 videatur
502 3602 745 3689 Harpocration,
766 3602 957 3691 Hesychius,
976 3606 1103 3685 suidas,
1123 3606 1178 3670 ibi-

155 3731 218 3793 que
241 3709 452 3792 Interpretcsr
475 3731 567 3770 coenae
584 3705 723 3791 publice,
741 3705 858 3793 publico
866 3705 1096 3792 juntuscciae.
1131 3706 1180 3770 Sic

159 3806 346 3875 Plutarchus
371 3808 481 3874 Numa
502 3829 535 3891 p.
551 3808 605 3874 60·
626 3806 666 3871 C.
704 3805 836 3892 Phintys
859 3826 912 3890 ap.
936 3807 1030 3871 Stoh.
1056 3828 1089 3892 p.
1108 3825 1178 3890 445.

155 3907 247 3975 Plato
263 3909 342 3992 leeg,-
357 3906 436 3973 ΧΠ.
454 3928 486 3990 ρ.
500 3906 576 3988 684.
593 3905 634 3969 C.
654 3907 714 3986 μηδ’
730 3903 928 3985 ὅοδομοτολῦσι
941 3904 1065 3978 θυσίαις.
1098 3906 1178 3970 Dion

156 4006 271 4092 Chrys.
294 4007 352 4079 Or.
368 4006 530 4074 xxxin.
552 4026 586 4092 p.
601 4007 677 4085 408.
693 4005 736 4072 Α.
768 4003 918 4069 Aristides
941 4005 981 4069 T.
1002 4007 1029 4070 1.
1055 4028 1088 4092 p.
1107 4023 1178 4091 332.

157 4105 349 4189 Porphyrius
364 4106 415 4182 Da
428 4104 549 4185 Abstln·
567 4105 611 4174 Il.
628 4107 677 4173 16.

199 4222 250 4288 77.
267 4206 305 4270 Ε.
328 4210 447 4292 Ιχρῶοτο
462 4207 578 4290 κόμαις]
601 4204 785 4286 Herodotus
800 4207 827 4274 l·
845 4223 880 4273 21
894 4230 903 4270 r
926 4204 1018 4272 arisae
1034 4232 1064 4271 rs
1078 4205 1176 4278 saintet
