2684 5258
368 721 425 781 na
442 719 667 783 auomunrs
687 721 833 782 mans.
852 739 882 800 p.
895 728 942 783 n.
955 722 995 783 u.
1115 721 1171 786 ror

132 874 188 948 eti
200 882 438 971 longinquitas
455 899 489 951 et
503 884 669 951 hominurn
684 899 840 972 perpetua
852 883 1020 950 admiratio
1038 882 1175 972 speciem

132 986 397 1074 opinionemque
405 987 578 1074 quamdam
592 987 764 1053 divinitatis
777 988 976 1076 adjnnxiffet,
985 1010 1083 1075 quam
1093 1010 1175 1054 con-

133 1090 238 1155 tutare
260 1090 482 1176 periculosum
498 1093 593 1173 effet3
618 1093 805 1158 Plutarchus
826 1092 981 1158 rationem
1003 1092 1174 1179 defignavit

133 1196 166 1253 ri
183 1191 286 1256 ἅκέιν
302 1201 361 1257 τῶν
375 1194 544 1275 ποιημάτων,
564 1193 749 1280 intelligendi
768 1207 914 1281 poemata,
930 1216 1001 1280 quae
1021 1194 1102 1259 ratio
1115 1193 1174 1259 ad·

134 1293 303 1361 biberetur
324 1296 366 1360 iis
388 1297 479 1377 locis,
494 1298 550 1384 qui
571 1322 591 1363 a
609 1321 682 1364 vero
697 1298 846 1384 reiloque
865 1297 960 1361 alieni
977 1297 1172 1376 viderentur,
1194 1378 1199 1396 ι

138 1408 231 1481 etque
245 1395 293 1461 ita
306 1396 528 1477 adhiberetur,
543 1413 580 1463 ut
595 1399 626 1462 in
642 1398 789 1463 discentis
803 1398 909 1462 animo
927 1420 986 1463 nec
998 1397 1172 1462 aucloritas

141 1496 243 1561 Paete
263 1498 458 1582 pravitatem
482 1498 559 1563 ditu
580 1498 830 1593 commendaret,
855 1520 914 1563 nec
936 1499 1072 1585 pravitas
1094 1497 1172 1562 diei

143 1596 362 1663 &onmem
386 1598 493 1663 Poetae
515 1599 730 1664 labefactaret.
766 1600 840 1664 Hoc
861 1612 930 1663 erat
950 1598 1115 1686 ejusmodi,
1131 1613 1170 1664 ut

141 1696 292 1786 interpres
312 1713 348 1763 et
363 1699 512 1785 magister
526 1700 581 1763 ista
595 1699 679 1764 dicta
700 1699 788 1764 omni
809 1700 933 1764 ratione
952 1700 1113 1778 tractaret,
1136 1701 1169 1765 irr

143 1821 245 1866 omues
265 1814 377 1888 parter
398 1816 547 1880 verteret,
566 1799 669 1866 donce
687 1823 759 1866 eam
777 1803 957 1886 praeberent
971 1803 1091 1881 ansam,
1106 1823 1171 1887 qua

144 1900 331 1988 apprehensa
344 1901 379 1965 in
394 1900 584 1966 sententiam
600 1901 818 1989 redigerentur
830 1902 1072 1967 convenientem
1093 1924 1170 1967 cum

146 1999 311 2081 honestate,
341 2023 401 2065 nec
428 2015 662 2088 repugnantem
687 2003 735 2066 vel
760 2002 873 2087 pietati
895 2024 972 2088 erga
998 2002 1098 2081 Deos,
1120 2008 1171 2075 rel

141 2096 258 2186 jutitia
282 2123 364 2189 erga
387 2101 548 2183 homines,
570 2102 619 2168 vel
647 2102 842 2188 reliquarum
867 2101 978 2166 officiis
1004 2103 1170 2184 virtutum,

145 2204 328 2287 prudentio,
352 2204 563 2284 fortitudinis,
589 2205 821 2295 temperantiae.
867 2203 1004 2270 Difficile
1026 2205 1171 2292 profecto

146 2305 322 2391 negotium,
335 2305 452 2369 bonam
469 2305 589 2390 potius,
608 2327 703 2391 qnam
720 2305 880 2392 propriam
895 2306 1045 2391 suamque
1062 2308 1170 2371 Poette

148 2402 318 2491 adjungere
335 2403 522 2469 seutentiam
537 2430 545 2467 r
573 2406 746 2491 prasertim
761 2405 780 2469 fi
796 2406 948 2492 interpres
962 2407 1114 2472 abstineat
1128 2407 1170 2471 ab

148 2505 313 2594 allegoria:
336 2508 421 2594 quod
436 2509 513 2573 fecit
531 2508 729 2588 Plutarchus,
745 2507 978 2594 reprebendens
992 2509 1073 2573 adeo
1088 2509 1167 2574 alle·

148 2609 263 2692 goriam
284 2607 475 2694 interpretes
495 2632 529 2696 p.
548 2630 598 2695 19.
613 2612 650 2674 E.
672 2629 726 2696 39.
742 2611 785 2674 A.
829 2612 1034 2697 Quamquam
1058 2610 1167 2674 retiis-

150 2708 207 2773 timi
226 2709 309 2776 adeo
325 2710 441 2797 judicii
463 2712 604 2777 Criticus
628 2714 795 2799 Longinus
813 2712 853 2805 de
874 2715 962 2777 Subl.
981 2717 1039 2777 IX.
1063 2715 1170 2778 statuit

149 2808 322 2894 complures
341 2810 477 2875 Homeri
499 2811 587 2876 locos
611 2833 674 2875 non
697 2812 752 2874 nist
774 2833 832 2896 per
846 2811 1031 2896 allegoriam
1050 2813 1090 2874 ab
1105 2811 1167 2874 irn-

151 2907 267 2990 pietatis
288 2909 422 2976 crimine
438 2910 589 2977 vindicari
607 2912 702 2998 polle.
746 2915 788 2977 Et
809 2911 879 2975 haec
901 2912 1027 2997 proprie
1051 2911 1169 2976 dicitur

151 3009 297 3098 allegoria,
324 3036 391 3101 qua
417 3013 526 3080 fabula
552 3012 593 3077 ad
625 3014 786 3100 physicam
816 3012 971 3077 rationem
1000 3012 1166 3099 redigitur.

152 3108 220 3179 liam
237 3115 379 3180 alterum
400 3138 517 3202 genus,
538 3137 603 3202 quo
626 3115 733 3180 sabula
755 3114 915 3182 dictumve
936 3116 1041 3178 Poetae
1057 3137 1075 3177 a
1090 3136 1167 3201 pro⁴

153 3216 205 3296 pria
216 3217 375 3283 sententia
395 3216 436 3282 ad
455 3217 550 3281 aliam
569 3238 702 3303 eamque
718 3216 871 3281 moralem
886 3215 1081 3281 convertitur
1095 3216 1166 3281 sen·

153 3316 426 3399 onriamfdudum
448 3320 488 3383 ab
512 3319 660 3383 omnibus
684 3317 881 3403 Philosophia
905 3319 1055 3382 usitatum
1077 3334 1164 3399 erat3

153 3413 272 3500 ejusdem
295 3418 444 3505 exempla
464 3421 555 3506 ponit
577 3419 769 3506 frequentati
790 3442 810 3482 a
831 3422 973 3497 Zenone,
995 3419 1165 3498 Cleanthe,

155 3514 327 3608 Chryfippo,
350 3520 539 3585 Plutarchus
559 3543 591 3606 p.
606 3540 660 3606 33.
677 3521 716 3585 C.
743 3541 797 3605 34.
812 3522 849 3584 B.
872 3522 925 3606 38.
944 3521 983 3583 C.
1027 3522 1070 3583 Et
1090 3522 1165 3584 bre·

155 3619 214 3689 viter
233 3626 303 3713 ejus
323 3625 478 3689 rationem
501 3625 652 3711 significat
673 3624 759 3688 Dion
785 3623 1026 3709 Chrysostomus
1045 3623 1101 3686 Or.
1119 3623 1164 3684 ll.

156 3735 179 3800 P·
193 3742 239 3808 27.
263 3727 308 3790 D.
348 3723 568 3790 Alexandrum
594 3723 821 3801 Macedonem,
844 3721 1068 3785 admiratorem
1091 3721 1165 3784 Ho-

156 3825 227 3904 beri,
238 3824 440 3890 differentem
458 3825 576 3889 faciens
585 3851 595 3905 ;
619 3828 657 3888 δεῖ
669 3827 695 3887 δὲ
708 3831 744 3886 τῦ
763 3829 858 3899 rotari
876 3828 913 3884 roi
931 3823 981 3903 μὲν
998 3824 1033 3894 ὥς
1051 3820 1165 3902 rupia-

155 3924 253 4002 ltirrro5
265 3925 314 4008 xa)
330 3933 515 4013 παςαινῦπος
533 3926 720 4011 ἀποδέχεσθαι,
740 3929 777 3987 τοὶ
797 3925 823 3984 δὲ
845 3924 879 3995 ὥς
902 3922 1055 4005 ὶῖηγθμένθ
1074 3924 1164 4004 μόνον)

155 4034 277 4095 roualt
299 4035 335 4105 ὥς
359 4030 521 4112 ὀνειδίζοντος
540 4029 586 4111 nol
608 4037 828 4113 καταγελῶντος·
852 4038 959 4114 oportet
980 4028 1079 4090 Poetae
1101 4030 1166 4091 alia

155 4125 215 4197 dds
227 4134 368 4221 accipere,
384 4145 418 4196 ut
428 4132 589 4217 suadentis
607 4143 635 4194 el
648 4129 848 4210 admonentis3
872 4128 947 4208 alia,
963 4142 995 4192 ut
1010 4130 1166 4192 narrantis

155 4234 356 4300 heimardo:
388 4232 484 4298 nialla
512 4246 620 4310 autem,
647 4246 680 4296 ut
703 4232 902 4318 vituperantis
930 4256 965 4294 ac
992 4230 1163 4293 deridentis.

154 4329 234 4418 Atqui
251 4336 271 4400 ti
290 4334 448 4419 interpres
470 4348 536 4398 tam
558 4334 669 4399 multis
684 4332 834 4417 variisque
853 4332 893 4396 ad
911 4331 1073 4395 sentcntiae
1088 4352 1162 4414 pra·

155 4418 260 4499 vitarem
287 4434 537 4520 expugnandam
566 4432 726 4497 instruitur
756 4432 925 4510 machinis,
954 4453 1051 4494 unam
1077 4447 1163 4495 certe

156 4525 255 4620 suuper
276 4536 441 4601 efficacem
465 4536 656 4621 experietur,
680 4556 739 4598 nec
767 4535 833 4598 ullo
855 4535 886 4598 in
909 4535 980 4598 loco
1005 4535 1160 4600 haerebit:

155 4634 305 4709 presertim
325 4635 347 4702 fi
369 4636 447 4702 fines
470 4636 670 4724 speciemque
690 4634 922 4721 probabilitatis
945 4635 1081 4724 migrare
1102 4661 1160 4703 au-

186 4750 260 4802 rot.
277 4756 332 4803 vr.
645 4757 672 4803 ru
