2684 5258
197 744 252 809 m
274 736 542 806 enormem
562 735 711 804 ouum
730 735 954 806 nonnum.
1069 761 1090 827 3

53 925 328 1002 ucoommodete
350 923 397 996 nd
417 923 508 996 hmo
528 923 719 995 editionem
743 920 963 995 referendum
984 929 1116 1020 expo?

54 1051 290 1148 umidumque
306 1047 381 1119 est:
405 1046 607 1143 praesertim,
624 1070 736 1142 quum
760 1043 819 1115 illo
844 1045 881 1116 in
907 1043 1092 1141 specimine

57 1177 103 1246 ita
118 1173 166 1245 de
183 1170 480 1266 luterpretatione
494 1166 745 1265 disputaverim,
759 1177 801 1244 ut
817 1167 878 1264 qui
893 1188 971 1240 oum
990 1167 1115 1245 fimul,
1142 1156 1146 1173 ¹

55 1320 140 1369 cum
159 1295 295 1368 Graeoo
317 1303 489 1364 contextu
512 1302 550 1363 et
572 1290 699 1364 Latina
714 1289 867 1365 versione
883 1290 1005 1363 eudem
1029 1308 1092 1388 po-

57 1420 142 1514 gim
165 1416 386 1489 exhih'turuu
408 1414 539 1497 effernr
565 1436 662 1487 nunc
686 1436 769 1488 vero
792 1411 858 1487 huc
881 1414 920 1487 iu·
938 1413 1092 1486 editione

60 1540 155 1612 illam
173 1540 346 1611 rationem
363 1535 557 1634 relinquere
577 1560 619 1608 ao
642 1537 833 1634 repudiare,
853 1549 961 1634 utque
975 1535 1092 1609 luter-

58 1664 295 1758 pretationem
311 1657 448 1733 seorsim
464 1659 639 1748 exhibere,
652 1659 796 1732 ooodlur
811 1658 950 1734 fuerim.
991 1659 1092 1758 Ergo

58 1783 328 1881 disputationem
344 1807 366 1853 a
381 1780 443 1855 suo
460 1783 559 1854 initio
574 1783 761 1879 repetitam
780 1783 896 1880 quood
920 1785 995 1879 ejus
1015 1782 1091 1857 lieri

58 1905 171 2003 potest
186 1907 339 1979 breviter
351 1904 578 2002 explioernuu.

63 2071 69 2079 ·
122 2029 368 2125 lnto'pretatio
394 2029 445 2101 est
475 2029 585 2101 oratio
613 2052 697 2125 quoe
720 2028 846 2116 efficit,
875 2039 917 2102 ut
950 2027 1090 2103 alterius

56 2152 255 2225 emtionem
280 2150 528 2251 intelligamus.
591 2148 823 2246 intelligimus
848 2149 988 2222 alterius
1013 2173 1090 2223 ore·

58 2276 211 2361 tionem,
228 2274 368 2370 qumdo
384 2275 416 2346 ei
433 2271 610 2361 eumdem,
628 2294 734 2368 quem
760 2270 828 2368 ipse
850 2271 946 2360 ulter,
964 2269 1089 2375 adjun-

58 2399 184 2494 gimus
208 2395 353 2467 serrium.
403 2395 546 2468 Genera
572 2395 868 2492 Interpretationis
897 2395 970 2468 duo
997 2395 1089 2485 suut,

61 2518 345 2590 Grammaticum
365 2529 403 2590 et
428 2518 624 2590 Criticum:
651 2517 929 2591 Grammaticum
949 2512 1089 2620 judicet

59 2640 145 2738 quid
173 2642 328 2738 scriptor
353 2639 495 2712 dixerit:
527 2641 712 2729 Criticum,
732 2667 810 2712 uere
838 2645 1002 2737 rabieque,
1027 2665 1089 2714 uec

59 2790 114 2851 ne,
137 2765 272 2836 dixerit.
323 2763 527 2860 Utrumque
544 2763 630 2835 duas
646 2763 752 2834 habet
769 2775 892 2860 portes,
910 2776 946 2834 et
964 2764 1089 2835 instru-

59 2900 192 2974 menta,
220 2885 347 2982 quibus
374 2885 434 2959 hae
460 2898 572 2982 partes
601 2886 808 2974 tradantur,
833 2888 907 2958 trio.
971 2886 1090 2958 Partes

59 3009 141 3081 sunt
171 3011 316 3080 materia
344 3021 382 3081 et
407 3008 542 3081 formu:
583 3009 726 3080 materia
752 3008 837 3080 item
871 3006 999 3102 duplex
1028 3009 1089 3094 est,

59 3130 191 3204 Rerum
208 3145 245 3203 et
268 3132 467 3204 Verborum.
518 3132 752 3203 Instrumenta
767 3129 860 3219 sunt,
876 3129 1088 3219 Dioledir'co,

60 3280 148 3351 quae'
167 3254 321 3326 versatur
341 3254 526 3327 informa:
553 3255 704 3350 Linguae
717 3256 880 3349 scientio,
899 3256 936 3326 iu
951 3254 1087 3337 verbisr

60 3377 238 3472 Hijlorr’ca
255 3376 422 3466 ruffina,
440 3379 475 3449 in
493 3379 608 3450 rebus.
660 3376 728 3449 Sed
753 3376 1011 3473 interpretando
1034 3375 1089 3449 vel

61 3500 146 3570 libro
169 3499 226 3570 vel
249 3503 325 3595 ejus
349 3501 440 3590 looo,
464 3502 559 3598 prior
574 3499 769 3572 adhibendo
784 3501 833 3570 est
849 3499 1090 3571 Grammatico

63 3621 318 3718 Interpretutio,
337 3645 380 3694 ex
405 3623 545 3720 ejusque
570 3622 802 3695 instrumentis
828 3625 978 3718 primum
1002 3622 1088 3694 Diu·

62 3741 204 3816 ledtica:
230 3748 332 3840 cujus
355 3747 405 3818 est
428 3746 586 3819 officium
611 3748 725 3818 videre
747 3769 828 3842 quae
854 3747 996 3817 nomina
1013 3768 1088 3816 ver-

63 3867 174 3963 baque
200 3866 332 3963 quibus
356 3869 557 3942 nominibus
578 3867 755 3964 verbisque
774 3865 968 3962 jungenda,
998 3889 1088 3960 prae·

64 3992 235 4081 fouenda,
261 3991 496 4087 postponenda
519 3991 597 4079 sint,
622 3991 768 4063 omnino
791 3987 885 4085 quod
905 3988 1010 4086 vulgo
1026 4014 1087 4060 vo-

64 4126 141 4183 cant
163 4112 345 4209 quomodo
367 4112 464 4186 locus
485 4113 735 4187 oonstruendus
760 4125 796 4185 et
812 4137 894 4209 quae
913 4114 994 4185 inde
1011 4113 1086 4185 sen·

66 4237 170 4306 tentia
194 4239 270 4331 ejus
295 4235 533 4310 oonstituenda
558 4236 612 4309 fit.
661 4235 823 4308 Secunda
846 4235 979 4307 accedit
1001 4235 1087 4306 Lin-

65 4380 142 4449 guae
158 4358 313 4445 scientio,
330 4384 411 4456 quae
428 4358 654 4437 Dieledtieam
671 4358 716 4430 ad
740 4357 834 4456 leges
850 4371 885 4430 et
902 4354 1086 4450 consuetu·

66 4477 178 4553 dinem
195 4483 365 4555 orationis
380 4479 456 4585 ejus
474 4483 510 4553 in
532 4505 602 4578 qua
625 4480 771 4579 scriptus
788 4482 839 4552 est
863 4481 960 4567 liber,
978 4478 1087 4552 veluti

68 4599 214 4693 Graecae,
240 4605 425 4704 adstringit
447 4618 483 4678 et
508 4604 716 4697 moderatur.
766 4601 887 4676 Tertio
903 4603 951 4677 est
969 4603 1087 4676 Hillo·

570 4751 591 4800 B
609 4740 632 4799 2
