2684 5258
169 342 230 398 804
312 336 351 397 D.
361 335 413 395 W.
434 335 640 398 ANIMADV.
659 335 707 431 IN
726 332 1053 403 PLUTARCHIJJB.
1072 366 1076 373 ·

118 506 122 511 ’
155 492 309 584 sturlusst,
333 496 450 586 quippe
472 498 559 585 quod
584 497 669 585 apud
695 496 779 563 illius
801 495 903 562 aetatia
928 495 1096 582 scriptores
1118 493 1183 560 sm·

167 600 292 686 pliciter
314 601 431 666 dieitur
449 602 510 665 stne
532 601 650 666 Dativo
672 601 716 664 rei
738 621 797 685 pro
818 599 912 664 literis
932 598 986 662 vel
1002 597 1182 686 philosophie

156 702 290 788 studere.
345 702 451 767 Potuit
475 703 573 789 igitur
596 701 794 779 Plutarchus,
818 699 872 786 qui
894 721 951 787 per
976 711 1084 764 totum
1105 699 1182 783 huuc

168 805 283 868 librum
301 804 404 867 ἁκούον
422 805 604 889 frequenter
621 802 743 866 dixisset
760 800 976 866 subaudiendo
997 800 1053 865 illo
1072 809 1123 866 τῶν
1139 817 1175 883 tt·

167 903 299 984 tresenti,
315 904 391 966 item
406 903 535 967 titulum
551 902 716 968 inscribere
732 901 913 987 sinpliciter
925 902 994 988 orgi
1007 908 1056 964 τοῦ
1068 901 1172 967 ἀκούητ

167 1017 200 1065 et
220 1002 323 1087 potuit
341 1003 517 1086 LarnpriaS,
538 1003 591 1065 seu
613 1000 751 1086 quisquis
766 1002 828 1064 fuit
848 1000 934 1064 illius
947 1000 1097 1087 Catalogi
1110 1022 1172 1066 coo·

166 1103 277 1182 scelor,
305 1111 358 1166 τοῖν
385 1103 534 1185 φιλοσόφων
556 1101 683 1183 addere,
708 1125 773 1187 quo
798 1102 942 1168 disertius
967 1103 1055 1168 hune
1075 1104 1171 1169 libnuu

168 1202 371 1289 distingueret
385 1205 425 1266 ab
438 1203 657 1281 antecedente,
678 1203 732 1288 qui
749 1203 792 1268 est
811 1204 879 1290 περὶ
896 1211 943 1267 τοῦ
962 1213 1017 1279 πῶς
1031 1208 1066 1269 δεῖ
1079 1205 1171 1269 sbrie

167 1313 220 1368 τῶν
233 1307 395 1385 ποιημάτων
410 1305 532 1368 diodor:
555 1318 589 1368 et
603 1303 687 1368 idem
702 1302 767 1382 ille,
783 1325 884 1388 quum
902 1304 998 1369 semel
1014 1305 1045 1370 se
1064 1305 1103 1370 ad
1115 1327 1170 1369 oot-

169 1406 336 1493 figendum
351 1406 479 1471 titulum
501 1405 642 1484 dedisset,
665 1404 801 1471 debebat
814 1428 903 1486 eum,
917 1404 959 1469 ad
977 1405 1170 1471 antecedentis

169 1507 240 1571 libri
260 1509 452 1593 exemplum,
475 1506 649 1591 pleniorem
671 1504 768 1569 etiam
791 1505 836 1569 ita
853 1504 975 1584 efferre,
993 1509 1062 1594 περὶ
1079 1514 1170 1580 riuti

170 1612 209 1672 δεῖ
221 1613 266 1673 τὸν
285 1610 338 1673 νέον
356 1619 408 1673 τῶν
423 1608 573 1691 φιλοσόφων
591 1608 704 1670 ἀκούειν.
736 1609 822 1670 Nam
844 1619 877 1670 et
897 1606 1032 1694 scriptus
1052 1609 1093 1672 est
1110 1609 1171 1672 libet

171 1710 211 1774 ad
224 1710 277 1774 νέον
299 1733 407 1774 reeens
428 1732 446 1773 e
468 1708 602 1794 pueritia
622 1706 788 1793 egressum,
801 1720 835 1771 et
854 1706 900 1785 hi,
916 1729 1052 1792 quorum
1065 1708 1104 1773 ad
1115 1707 1172 1772 usus

170 1809 240 1874 haec
254 1809 376 1874 monita
390 1823 610 1894 praeceptaque
633 1807 821 1885 referuntur,
837 1806 990 1871 dicuntur
1005 1807 1066 1888 νέον,
1087 1829 1118 1894 p.
1130 1824 1171 1892 37.

173 1914 212 1977 C.
234 1913 288 1994 38.
304 1913 346 1973 A.
358 1910 451 1973 C.D.
462 1912 501 1971 E.
524 1928 579 1993 39.
593 1910 631 1972 B.
654 1927 707 1988 42.
721 1907 761 1973 B.
774 1908 814 1971 C.
837 1909 890 1989 46.
905 1908 951 1972 D.

214 2012 387 2087 Caeterum,
415 2008 501 2094 quod
526 2011 614 2093 supra
637 2009 678 2074 ad
705 2009 821 2075 librum
849 2012 899 2073 De
920 2010 1070 2097 Legendis
1095 2008 1175 2076 Poetis

168 2111 316 2188 diximus,
339 2109 476 2195 quisquis
498 2109 542 2172 illi
565 2110 646 2174 libro
667 2110 753 2174 hunc
771 2111 811 2175 de
831 2112 998 2176 Audiendis
1013 2111 1174 2201 Philosophi

169 2211 318 2295 deinceps
332 2209 503 2296 subjunxit,
519 2210 571 2274 hic
586 2211 739 2275 rationem
755 2213 936 2298 argumenti
949 2227 983 2278 et
996 2237 1114 2279 morem
1126 2237 1174 2281 to·

168 2309 324 2397 tiquitatis
350 2311 474 2375 secutus
496 2312 549 2375 est.
592 2311 702 2375 rectio
724 2328 890 2397 poetarum
910 2313 953 2378 est
973 2336 1045 2403 pars
1067 2316 1174 2381 institu-

168 2412 265 2478 tionis
284 2411 434 2498 puerilis:
465 2426 542 2476 aetas
564 2411 692 2497 puerilis
713 2411 890 2498 degebatur
914 2412 971 2479 sub
992 2414 1173 2505 pedagogo:

70 2517 74 2522 ⁸
169 2515 285 2580 ultimo
308 2529 451 2598 tempore
471 2513 555 2576 illius
578 2512 679 2575 aetotis
702 2534 781 2597 puer
801 2512 968 2580 dicebatur
989 2515 1100 2600 ἔφηέοςο
1125 2535 1175 2602 qut

170 2616 270 2695 finita,
294 2616 388 2679 fiebat
409 2615 464 2692 vir,
487 2629 572 2677 certe
594 2613 714 2677 virilem
730 2614 872 2679 vestitum
886 2616 1093 2705 habitumque
1107 2617 1173 2683 assu·

169 2717 289 2793 mebat,
312 2737 330 2777 e
357 2713 525 2799 paedagogi
550 2713 683 2798 irnperio
708 2715 824 2795 exibat,
852 2717 1053 2805 liberiusque,
1076 2740 1172 2806 quam·

169 2837 264 2900 quam
288 2813 343 2876 sub
367 2826 536 2896 parentum
559 2812 703 2898 imperio,
726 2815 875 2902 degebat,
898 2819 1018 2906 suoque
1041 2821 1172 2885 arbitratu

167 2912 297 2997 aliquod
318 2912 453 2976 studium
475 2912 661 2977 testabatur.
707 2914 812 2994 Plane,
836 2931 872 2981 ut
894 2920 983 3004 apud
1007 2919 1169 2985 Terentium

167 3013 272 3079 Andr.
289 3013 315 3073 Ι.
329 3032 357 3074 1.
369 3031 420 3092 24.
450 3012 538 3077 Simo
553 3025 642 3097 pater
655 3015 695 3078 de
710 3016 773 3080 filio
788 3018 843 3081 suo
859 3019 1025 3106 Pamphilo
1039 3030 1147 3087 ranst:

251 3112 372 3178 Neritis
386 3111 536 3200 postquam
550 3115 663 3200 excellit
678 3140 712 3178 ex
726 3117 851 3203 cplubis,
870 3119 961 3203 Soſso,
977 3145 1014 3186 ac

250 3214 363 3281 Libero
377 3215 501 3278 vivendi
511 3215 580 3300 soit
598 3214 730 3302 potstas,
754 3222 836 3299 (nam
850 3233 940 3285 antea

254 3316 316 3403 Qui
326 3317 405 3401 scire
424 3318 524 3403 postis,
540 3330 593 3380 ont
611 3318 760 3403 ingenium
775 3321 895 3405 ntffccre,

252 3421 335 3483 Dum
350 3442 414 3482 cum
427 3431 515 3499 tetris,
531 3430 633 3500 metus,
648 3418 784 3505 magister
799 3421 968 3487 cohibebant
974 3426 1055 3509 s)-

252 3521 343 3607 Quot
359 3519 491 3607 plerique
506 3545 599 3585 omncs
609 3519 735 3605 faciunt
749 3520 970 3607 adulescentuli,

254 3621 294 3684 Ut
307 3621 437 3684 animum
451 3623 494 3684 od
509 3621 631 3708 aliquod
640 3619 775 3706 studium
790 3624 973 3711 ocsj'ongant,
987 3641 1042 3694 out
1054 3642 1128 3717 equos

250 3721 352 3800 Alere,
368 3735 421 3784 aut
436 3746 521 3784 canes
534 3724 576 3784 od
589 3723 769 3802 venandum,
784 3727 893 3788 autad
909 3727 1106 3819 pbiloſstpbot:

250 3819 366 3887 Horum
381 3820 431 3883 illi
444 3821 521 3883 nihil
535 3823 650 3908 (gregia
661 3837 772 3910 praeter
785 3838 946 3892 ecetera—.

252 3922 408 3999 Studebot,
423 3933 449 3982 ct
466 3932 563 3984 tomen
577 3926 673 3986 omnio
688 3927 751 3990 haec
764 3928 955 3995 mediocriter.

166 4028 208 4088 Et
223 4024 386 4100 Isocrates,
401 4020 604 4087 eruditillimo
621 4026 859 4114 Lindenbrogio
878 4053 942 4095 non
958 4029 1168 4119 praetermissus

167 4141 256 4188 retus
278 4123 518 4189 Atheniensium
541 4125 629 4189 sitisse
650 4127 826 4192 institutum
846 4131 965 4215 prodit,
985 4157 1052 4223 quo
1068 4146 1167 4223 paupe·

167 4223 263 4289 riores
284 4224 324 4290 ad
346 4223 573 4313 agrictdturtuu
594 4240 627 4296 et
652 4245 877 4315 mercaturam,
903 4231 1036 4309 ditiores
1059 4235 1101 4305 od
1118 4244 1170 4313 τοῦ
