2684 5258
167 684 223 744 nn
237 686 590 747 merirumsnm
604 688 796 748 nemone,
809 686 1056 765 pnes-ica
1085 692 1144 760 aar

135 845 269 933 Picum,
283 866 386 935 quum
399 848 571 915 dicendum
585 851 689 915 fuisset
705 849 804 937 aspires
818 848 865 913 καὶ
878 846 1006 935 nuptiae,
1027 846 1148 934 plausus

135 960 137 980 ¹
155 949 316 1016 tumuleris.
351 950 473 1015 Eodem
488 952 608 1037 spetlat
622 951 808 1016 Plutarchus
821 949 906 1015 Adv.
922 950 1098 1036 Epicurum
1112 970 1146 1035 p.

135 1065 211 1136 095.
225 1051 273 1117 D.
288 1065 322 1117 et
335 1051 419 1116 Adv.
434 1052 584 1118 Colotem
598 1074 632 1138 p.
648 1068 740 1135 1117.
752 1055 796 1116 A.
828 1051 902 1116 Alia
915 1051 1011 1116 etiam
1026 1051 1146 1115 attule-

135 1166 190 1217 1nt
203 1151 247 1215 ad
261 1152 381 1217 Laertii
398 1152 505 1217 locum
523 1153 728 1218 Casaubonus
741 1168 774 1217 et
788 1151 982 1238 Menagius:
1005 1149 1057 1215 hic
1073 1151 1145 1237 qui-

135 1274 187 1320 em
201 1276 371 1343 perperam
383 1254 547 1341 corrigens
560 1280 603 1318 σοι
616 1276 674 1340 pro
688 1280 748 1318 roe.
1238 1261 1240 1265 ’

152 1373 210 1442 45.
225 1358 262 1420 F.
288 1355 390 1435 Θάσος,
415 1355 831 1442 Θεοφοφῖτως-Ἀνθοςῶμ]
862 1352 1011 1419 Diximus
1031 1352 1072 1417 de
1096 1350 1147 1418 his

135 1454 400 1522 reclamationibus
413 1454 453 1517 ad
469 1476 501 1540 p.
518 1457 569 1520 26.
584 1455 623 1519 B.
639 1456 733 1519 verbo
747 1459 890 1537 ἐπιφωνεῖν.

153 1568 211 1641 45.
225 1557 263 1619 F.
286 1553 440 1640 Μίδην]
477 1554 542 1619 Hie
568 1553 710 1641 quamvis
731 1531 868 1640 magrius
889 1552 953 1616 fuit
977 1565 1085 1617 orator
1106 1575 1147 1619 ae

135 1678 218 1723 onus
235 1654 324 1735 civis,
349 1677 525 1741 numquam
543 1656 685 1742 profesio
703 1656 816 1721 natiue
834 1656 878 1719 est
896 1675 968 1717 eam
988 1653 1144 1746 existima7
1208 1677 1211 1683 ·
1292 1696 1297 1705 ·

135 1762 250 1837 anem,
268 1772 307 1821 ut
328 1757 361 1821 in
381 1757 562 1841 exemplum
578 1757 702 1821 virtutis
712 1756 947 1841 'sapientiaeque
968 1755 1144 1819 celebrare·

135 1878 185 1923 nr:
222 1879 321 1943 quam
352 1856 482 1943 quidem
510 1856 766 1922 existimationem
795 1858 954 1933 Socrates,
983 1853 1084 1934 Plat0,
1111 1869 1147 1919 et

135 1956 279 2023 lutarchi
298 1968 384 2022 certe
404 1957 492 2020 sensu
504 1956 693 2044 judicioque
710 1955 878 2041 Euripides
898 1955 1007 2034 etiam,
1021 1954 1146 2020 habuit.

135 2060 160 2125 :t
174 2044 249 2124 iero
264 2058 334 2123 haec
354 2058 484 2122 nomina
498 2058 629 2123 subinde
645 2082 666 2122 a
681 2058 814 2122 librariis
828 2071 1010 2144 permutata
1026 2058 1146 2142 reperi-

135 2173 236 2227 retur:
266 2161 355 2247 quod
377 2163 568 2247 cognoscere
591 2162 665 2226 lieet
686 2183 725 2226 ex
746 2160 1009 2226 animadversione
1031 2159 1145 2226 Ruhn-

135 2263 205 2328 tsnii
232 2262 266 2327 in
294 2263 431 2327 Historia
459 2263 579 2327 Critica
606 2265 779 2329 Oratorurn
812 2264 999 2328 Graecorum
1032 2283 1065 2348 p.
1091 2277 1145 2345 71.

135 2362 350 2450 {arpocration
365 2384 442 2425 voce
460 2362 573 2442 Θέθοο,
596 2384 666 2426 eam
688 2361 914 2448 interpretatur
927 2362 1047 2427 addens
1061 2361 1146 2426 lianc

135 2462 289 2552 lyperidis
307 2462 541 2541 audieritatem,
555 2463 694 2550 Ὑπερίδης
708 2468 734 2527 ir
747 2469 786 2549 τῷ
799 2466 871 2550 πρὸς
884 2463 1072 2547 Ὕγιαῖνοντα.
1106 2466 1145 2529 In

135 2560 291 2630 iristotelis
314 2562 476 2628 thetoric.
499 2563 561 2628 llI.
581 2584 638 2648 15:
662 2563 750 2649 ὥσπερ
773 2565 916 2649 Εὐριπίδης
936 2567 1008 2648 πρὸς
1028 2561 1145 2650 'Tyrai-

135 2690 197 2731 οπα
216 2673 242 2731 ἓν
261 2674 295 2753 τῇ
317 2665 447 2730 ἀποδόσει
469 2683 665 2731 memoratur
679 2666 735 2744 ita,
757 2680 794 2732 ut
809 2667 933 2730 nullum
948 2667 984 2730 fit
998 2666 1145 2745 dubium,

135 2769 196 2850 [trin
213 2769 371 2855 Euripidis
390 2791 508 2833 nomen
522 2791 631 2832 verum
655 2782 690 2832 et
710 2769 749 2831 ab
771 2767 839 2852 ipso
860 2767 1038 2846 Aristotele,
1054 2789 1147 2831 neca

135 2860 255 2949 ibrtirio,
268 2870 324 2933 fit:
348 2869 401 2934 sed
421 2883 454 2933 et
476 2869 562 2956 apud
583 2868 870 2953 Harpocrationem
893 2890 1002 2931 verum
1023 2866 1147 2932 videtur

135 2968 181 3035 tle
194 2970 354 3057 Hyperidis
367 2993 498 3048 nomen,
512 2969 665 3055 fiquidem
687 2968 741 3034 ille
756 2992 820 3033 non
835 2969 888 3033 nisi
903 2970 1074 3034 Oratorum
1089 2991 1159 3033 ro·-

135 3071 233 3138 abula
245 3072 393 3158 explicat.
424 3071 559 3136 Fortasse
573 3071 640 3156 post
654 3070 856 3135 Aristoteleffl
870 3071 1000 3135 demum
1012 3065 1064 3134 illa
1078 3071 1146 3133 Eu-

135 3170 223 3259 ipidis
249 3172 351 3238 oratio
375 3172 408 3236 in
435 3171 597 3259 Hyperidis
618 3194 735 3235 nomen
766 3173 910 3235 translata
930 3170 962 3235 in
991 3169 1146 3257 hujusque

135 3272 313 3337 nationibus
327 3274 368 3337 ab
383 3273 636 3357 Harpocratione
652 3284 687 3336 et
700 3273 781 3336 letla
794 3286 829 3336 et
841 3271 951 3338 habita
964 3272 1017 3336 est.
1048 3274 1146 3354 Nam,

135 3374 206 3459 [uod
229 3377 275 3439 Η.
290 3372 431 3438 Valefius
452 3373 552 3452 addit,
579 3374 611 3437 iu
636 3373 732 3436 Notis
746 3373 787 3437 ad
810 3376 914 3439 Notas
936 3374 1090 3438 Mausi'aei
1111 3397 1145 3461 p.

135 3477 204 3541 116:
236 3472 323 3539 Forte
349 3474 515 3561 Hyperides
536 3498 599 3537 eam
626 3475 782 3538 orationem
805 3474 948 3560 Euripidi
964 3475 1148 3562 scripserat:

135 3572 310 3642 biertisiima
325 3576 396 3640 stine
412 3576 486 3640 ellet
505 3575 584 3639 ratio
605 3575 810 3660 expediendis
828 3574 1033 3654 difficultatis,
1048 3577 1147 3643 modo

135 3690 354 3764 &temporum
374 3676 549 3741 rationibus
571 3689 780 3761 repugnaret:
806 3675 859 3738 nisr
873 3675 971 3738 alium
987 3677 1147 3758 quendam

135 3774 293 3864 Hyperidis
316 3778 471 3863 aequalem
499 3776 715 3863 intelligamus
743 3774 939 3860 Euripidem.
984 3776 1147 3843 Caeterum

135 3880 296 3972 Ὅροιῖνοπα
312 3901 412 3964 quum
434 3877 518 3964 apud
537 3894 710 3962 utrumque
724 3876 861 3962 legatur,
877 3891 910 3940 et
927 3876 1045 3941 iterum
1062 3879 1155 3964 apud

135 3972 406 4067 Harpocrationem
421 3980 453 4043 in
468 3977 537 4055 “Ere
564 3978 609 4058 xe)
632 3978 706 4056 Nea,
732 3977 841 4041 malim
860 3979 922 4043 hoc
944 3979 1027 4043 tueri
1049 4002 1146 4066 quam

135 4092 199 4142 erm
211 4079 421 4150 Valckenario
436 4080 539 4145 nostro
554 4077 594 4141 ad
615 4076 773 4166 Euripidis
788 4077 1005 4166 Hippolytum
1023 4099 1057 4166 p.
1073 4099 1146 4165 232.

135 4170 289 4260 Ὕγιαίνετον
304 4179 475 4265 corrigere.

173 4283 265 4362 p046.
279 4282 322 4344 A.
346 4279 423 4364 λόγῳ
445 4287 619 4364 σωφρονοῦντι
640 4278 839 4364 προσφέροντες
862 4279 965 4342 ἔπαινον
986 4281 1145 4368 hesperia]

136 4377 275 4454 χολοςικαὶ
287 4377 402 4460 patirur
416 4380 488 4442 sunt
503 4379 717 4464 sophistarum
731 4394 766 4443 et
780 4377 970 4456 Rhetorum,
990 4392 1023 4441 et
1041 4378 1075 4443 hi
1089 4380 1148 4444 sae·

139 4472 200 4555 pius
219 4502 291 4545 eum
313 4480 508 4543 meretricibus
535 4493 779 4565 comparantur:
809 4503 873 4565 qua
897 4481 987 4545 dere
1006 4482 1150 4567 exposuit

142 4568 238 4644 dotus
249 4580 347 4646 horno
361 4583 400 4646 L.
410 4579 582 4646 Crel'ollius
597 4579 628 4644 in
645 4580 672 4644 T
673 4579 783 4644 heatro
798 4579 898 4664 Soplr.
913 4581 974 4643 111.
989 4598 1019 4647 2.
1033 4585 1148 4672 p.158.
