2684 5258
172 809 176 816 Ι
268 718 325 783 ur
344 722 569 785 Auommnrs
590 724 734 786 roms.
753 732 843 804 μοι.
855 729 1015 792 esus.
1093 743 1148 810 ιρι

135 878 244 968 βαιὴ
259 903 302 948 ex
320 883 446 950 Inimic.
464 885 572 952 Utilit.
594 910 628 975 p.
643 888 696 952 88.
710 890 754 953 Fr
776 901 811 954 et
824 889 933 978 attigit
947 894 987 958 L.
1001 892 1041 958 C.
1052 893 1151 961 Valc-

135 982 276 1049 senarius
292 984 326 1048 iu
341 984 479 1051 Distrib.
495 986 529 1051 in
543 990 670 1075 Fragm.
686 989 797 1075 Eurip.
811 1012 844 1075 p.
862 1008 934 1077 150.

160 1098 219 1170 35.
233 1085 275 1149 Ε.
302 1091 326 1149 oi
346 1090 385 1148 τά
406 1087 504 1168 ἶμάτια
529 1090 767 1174 μαςιγοῦισις-]
797 1091 935 1157 Videtur
955 1093 1018 1158 hoe
1042 1096 1154 1161 referri

135 1181 311 1263 idmorem
335 1185 510 1265 Persarum,
525 1187 565 1251 de
583 1210 647 1273 quo
661 1188 798 1253 diximus
817 1190 851 1254 in
863 1192 1149 1261 Animadversioni-

135 1306 183 1355 σοι
201 1288 245 1353 ed
262 1288 425 1354 Plutarchi
440 1288 558 1355 librum
572 1293 624 1357 De
641 1294 719 1357 Sera
736 1294 839 1360 Num.
853 1296 951 1362 Vind.
966 1318 1001 1382 p.
1014 1300 1090 1385 565.
1104 1301 1149 1367 A.

135 1384 272 1455 ditionis
288 1389 403 1474 prioris
418 1411 451 1476 p.
470 1410 542 1476 109.

167 1501 223 1574 35.
235 1482 270 1554 P.
290 1488 381 1568 αάξαι
395 1490 544 1568 ἀποδείξεσι
564 1493 586 1577 ’i
604 1491 767 1580 μαρτυρίαις
781 1495 946 1582 φιλοσόφοις]
972 1499 1047 1563 Hoc
1061 1499 1149 1565 insti.

135 1604 233 1659 uum
252 1593 385 1659 tenuisse
403 1593 529 1658 videtur
552 1593 739 1660 Plutarchus
761 1595 794 1660 in
818 1601 982 1684 Ὁμηρικαῑς
1006 1602 1148 1687 μελάταις,

135 1710 220 1778 spere
231 1691 372 1777 perdito.

164 1814 198 1880 p.
206 1795 263 1879 56.
276 1794 321 1858 A.
342 1791 443 1857 Τιίιιοι
461 1791 538 1875 ipis]
565 1792 657 1860 Iliad.
676 1797 715 1860 E.
729 1797 806 1876 428.
830 1797 887 1862 ubi
912 1799 1014 1863 nostre
1038 1821 1148 1866 exem·

135 1890 177 1979 pk
199 1893 322 1958 babent
343 1891 389 1957 Οὔ
410 1918 465 1974 τοι,
487 1891 578 1957 σε’κιοι
600 1897 720 1976 ἀμὸν-τ
748 1896 789 1961 de
810 1918 876 1982 quo
896 1899 1040 1965 videatur
1060 1903 1148 1966 Sam.

135 1996 287 2065 clarum.

164 2102 217 2186 56.
231 2102 276 2165 A.
307 2100 375 2174 Ζιδς
397 2099 456 2186 γάς
476 2125 517 2162 τοι
541 2101 697 2186 ιιμισᾴ-]
730 2099 814 2165 Vide
836 2101 940 2188 supra,
961 2125 1032 2189 quae
1055 2119 1147 2170 nota-

135 2196 224 2265 vimus
235 2199 278 2267 ed
291 2220 324 2285 p.
336 2217 388 2280 24.
403 2199 443 2263 Β.
459 2212 493 2263 ct
507 2201 582 2285 Sap.
598 2199 698 2263 Conv.
719 2221 752 2284 p.
772 2201 843 2282 164.
861 2203 901 2266 C.

167 2302 217 2387 36.
231 2303 277 2366 A.
302 2301 403 2378 Ns'pncr
426 2304 475 2364 οὐδ’
499 2300 607 2388 ἰ’σασιι]
632 2300 762 2366 Hesiodi
778 2300 867 2389 Ἐργ.
885 2324 945 2385 40:
968 2304 1066 2370 habet
1086 2304 1150 2372 vim

135 2403 290 2487 proverbii,
306 2403 424 2488 dequo
439 2402 534 2467 multi
548 2402 662 2467 multa.

170 2505 270 2589 56.Α.
290 2507 331 2568 ‘H
345 2506 371 2566 u
387 2508 458 2581 κακὴ
475 2491 607 2590 deni-J
632 2505 714 2567 Item
729 2503 858 2568 Hesiodi
868 2503 956 2592 Ἔργ.
973 2508 1046 2592 265.
1061 2509 1150 2595 quod

135 2601 259 2668 citatum
281 2604 452 2669 Plutarcho
478 2605 529 2667 De
553 2605 629 2666 Sera
652 2605 752 2667 Num.
774 2605 871 2668 Vind.
901 2628 933 2690 p.
948 2625 1023 2690 554.
1048 2611 1091 2672 A.
1114 2624 1150 2674 et

135 2702 402 2768 animadvertimus
421 2703 525 2789 priore
546 2703 686 2766 editione
707 2724 740 2787 p.
756 2705 811 2783 48.
831 2720 865 2768 et
881 2705 915 2768 in
930 2706 989 2770 hac
1006 2707 1061 2771 illo
1076 2709 1150 2774 loco

135 2801 421 2871 animadvertemus.

175 2906 224 2987 36.
236 2906 274 2970 Β.
295 2908 333 2970 Ti
346 2910 445 2971 ἀδικεῖν
460 2905 555 2968 κάκιοι
574 2904 638 2983 εἶναι
656 2911 703 2967 τοῦ
716 2905 870 2989 dissidas]
897 2906 1057 2991 Frequens
1079 2907 1149 2972 sen·

140 3005 228 3070 tentia
240 3008 325 3092 apud
339 3008 517 3085 Platonem,
531 3029 606 3071 cum
619 3006 707 3084 alibi,
732 3019 800 3070 tum
821 3005 853 3068 in
874 3017 944 3071 toto
966 3009 1015 3071 De
1030 3008 1149 3096 Repub-

140 3100 190 3169 lica
199 3130 304 3194 opere,
317 3122 388 3174 tum
404 3108 540 3192 denique
554 3108 587 3170 in
603 3107 725 3193 Gorgia
738 3129 771 3192 p.
784 3125 857 3192 290.
869 3109 1066 3196 A-298-:
1084 3110 1150 3176 illic

142 3203 172 3270 in
187 3211 300 3296 primis,
314 3213 372 3277 ubi
387 3212 465 3276 Polo
480 3212 702 3298 interroganti,
724 3212 766 3279 Σὺ
782 3211 838 3299 diga
850 3212 947 3291 βάλοιο
962 3214 995 3278 ἀι
1007 3218 1151 3298 diensium

143 3313 233 3387 μῖλλοι
250 3312 266 3390 ἢ
285 3317 405 3394 dessein
433 3313 579 3376 Socrates
600 3311 779 3398 respondet,
805 3314 944 3396 Βολοίμηι
966 3317 1016 3398 μὲν
1039 3316 1072 3380 ἀι
1092 3317 1150 3401 ἀγοὶ
1192 3336 1195 3343 ·

148 3410 244 3501 dirupit·
268 3422 291 3479 ri
306 3418 333 3479 u
349 3420 500 3500 ἀναγκαῖοι
515 3414 552 3491 εἴη
574 3419 671 3478 ἀδικεῖν
692 3414 707 3491 ἢ
728 3418 880 3496 ἀδικεῖσθαι,
899 3419 1008 3499 iucipiens
1022 3418 1055 3482 ἀι
1068 3427 1148 3501 μάλ-

145 3521 184 3574 λιι
198 3519 332 3596 dissidas
349 3516 365 3593 i
384 3520 493 3580 ἀδικεῖν.
531 3516 645 3580 Cicero
666 3516 758 3581 Tusc.
773 3519 815 3582 V.
835 3539 894 3604 19:
919 3522 1044 3605 accipere
1059 3546 1150 3608 quam

135 3608 223 3690 ,Ιιιιοι
237 3617 360 3708 praestot
375 3618 536 3707 injuriam:
562 3617 619 3681 ubi
635 3617 731 3703 ,plura
747 3618 787 3681 dc
803 3619 865 3681 hoc
884 3635 1074 3705 argumento
1090 3644 1149 3684 no·

148 3722 186 3778 ut
194 3721 221 3785 J.
234 3721 388 3786 Davifius.
423 3719 476 3782 Est
490 3718 587 3782 ctiam
604 3718 733 3805 egregia
749 3717 895 3782 Hieracis
909 3719 1080 3803 disputatio
1096 3742 1149 3804 ap.

148 3807 218 3882 Sub.
233 3821 336 3885 Serm.
350 3821 394 3884 X.
411 3840 444 3904 p.
461 3838 532 3904 133.

179 3919 222 4000 36.
233 3919 271 3984 Β.
306 3921 425 4005 Θάρσει·
448 3920 524 3983 στόνοι
545 3921 658 4005 γάΓ]
699 3919 773 3983 Una
797 3917 858 3982 hac
882 3918 1045 3984 mentione
1070 3943 1146 4007 pro-

150 4007 240 4099 dium,
254 4020 289 4086 in
302 4020 449 4107 AEschyli
467 4023 658 4105 Fragmenta
675 4018 813 4084 relatum
827 4042 847 4083 a
862 4019 1003 4086 Smnleio
1021 4044 1055 4107 p.
1071 4025 1146 4107 648.

151 4117 248 4187 sset.
816 4150 820 4157 ·

181 4220 269 4300 36.B.
290 4226 345 4297 Ὡς
362 4228 386 4286 ci
402 4222 524 4306 μιγάλοι
542 4222 677 4306 velow]
703 4220 833 4307 Epicuri
854 4236 967 4309 quarte
989 4223 1022 4287 in
1046 4224 1149 4310 κυρῖαις

151 4308 228 4398 iiiut,
240 4323 326 4410 apud
344 4323 527 4409 Diogenem
546 4325 654 4386 Laert.
669 4324 712 4386 X.
731 4343 807 4404 1403
830 4323 977 4409 frequens
1002 4324 1148 4386 Ciceroni

153 4426 179 4477 01
194 4421 253 4490 aliis
271 4426 504 4513 Scriptoribus;
527 4447 663 4512 quorum
678 4425 766 4490 locos
786 4427 868 4489 benc
884 4426 1003 4489 multos
1017 4418 1150 4512 collegit

154 4508 199 4581 ll·
212 4524 384 4593 Gatakerus
399 4527 441 4590 ad
456 4528 506 4591 M.
518 4525 675 4590 Antonin.
687 4526 763 4591 VII.
778 4545 832 4610 33.
849 4547 882 4610 p.
894 4544 967 4610 219.
1061 4555 1064 4560 ·

185 4623 227 4702 36.
239 4627 275 4694 B.
295 4636 344 4695 τοῦ
358 4628 494 4704 Θέσπιδος
507 4629 645 4713 ταοτὶ-]
670 4628 861 4715 Thespidem
877 4628 979 4697 nullas
995 4629 1150 4718 reliquisse

608 4750 630 4794 U
649 4749 668 4798 2
975 4753 978 4757 ’
