2684 5258
259 386 298 444 ιν
341 373 549 444 inruant.
565 378 612 442 ns
626 381 698 441 ura.
712 382 765 441 un
779 368 952 443 auocat.
969 372 1207 443 nnaaoaust.
1242 403 1246 407 ·

259 547 451 635 ιφνςτνσᾶμην,
465 548 495 610 ἵν’
511 549 601 629 ἐφεξῆς
615 543 660 623 nul
674 548 698 609 τ’
712 543 789 608 ἄλλα
809 551 848 610 τὰ
867 545 980 633 φέροντα
993 546 1068 633 esebi
1079 548 1128 623 τήν
1144 547 1224 630 ὀρθὴν
1235 544 1300 607 aar

259 643 321 709 νέων
344 642 459 730 ἀγωγὴν
480 644 605 720 συνάψω.
649 643 779 731 Duplex
800 644 843 709 est
869 643 1078 731 incogitantia
1100 656 1134 707 et
1160 641 1293 706 rationis

260 745 466 833 negligentia.
512 744 663 823 Prinrunr,
679 746 764 831 quod
778 745 861 810 hanc
882 745 929 809 sui
949 743 1163 810 defensionem
1178 743 1285 808 adver·

259 847 397 923 suecos,
422 845 475 932 qui
498 868 572 910 eum
594 846 665 910 solia
688 845 835 910 divitibus
858 859 1016 932 praecepta
1038 844 1114 908 dare
1131 843 1286 908 insimula-

260 960 342 1023 rent,
366 971 399 1008 eu
421 947 457 1008 de
477 948 573 1033 careffie
593 948 624 1011 se
642 947 801 1034 suscepisse
818 947 906 1025 dicit,
921 961 955 1009 ut
970 945 1103 1031 deinceps
1115 942 1234 1031 reliqua
1248 940 1285 1006 ad

258 1056 368 1112 renam
382 1046 596 1133 adolescentum
613 1048 810 1111 educationem
832 1046 1019 1111 conducentia
1042 1056 1173 1108 attexere
1192 1045 1281 1131 φοβή.

260 1142 354 1236 Quasi
369 1170 441 1214 vero
456 1150 616 1236 sequentia
630 1173 694 1215 non
711 1149 859 1236 potuisset
873 1163 1012 1213 attexere
1032 1147 1085 1210 nisl
1101 1143 1283 1211 desenfionis

259 1245 323 1314 hoc
348 1239 592 1315 extraordinario
614 1273 710 1315 onere
732 1252 895 1338 suscepto}
923 1249 985 1313 boc
1009 1249 1095 1312 enirn
1120 1249 1165 1311 est
1187 1273 1283 1336 vapa-

259 1352 431 1438 φιφτῖζεθιφ.
476 1353 636 1431 Alterum,
665 1352 751 1439 quod
778 1352 910 1416 omnino
937 1348 1092 1436 ejusmodi
1119 1348 1286 1413 fonnulam

259 1452 411 1538 apponit3
436 1476 518 1540 quae,
542 1454 683 1540 quamvis
706 1476 810 1517 veram
836 1451 991 1517 habuisset
1015 1450 1218 1532 sententiam,
1240 1465 1284 1514 ta·

260 1574 334 1617 men
351 1553 569 1642 disputationis
583 1577 699 1618 nexum
716 1556 866 1618 turbaret.

305 1651 386 1739 Cap.
402 1655 497 1718 XIII.
512 1654 583 1719 init.
606 1655 644 1716 Τι’
663 1652 694 1716 bn
714 1658 769 1726 ἐςιν
786 1653 800 1716 ὃ
818 1651 944 1736 baianum
961 1650 1063 1736 λέγειν,
1077 1651 1123 1715 ἵνα
1135 1656 1176 1736 τῷ
1188 1676 1288 1738 παφα·

259 1751 386 1839 δόγματι
400 1757 582 1842 φωτεινότερον
598 1756 709 1833 ποιήσοι
722 1756 876 1838 τὸνλόγον.
920 1755 1039 1818 Denuo
1060 1752 1219 1817 rhetorica
1241 1754 1290 1816 iu·

259 1854 438 1916 terserenda
461 1854 608 1932 formula,
627 1854 778 1919 orationis
802 1875 919 1918 nexum
942 1853 1061 1930 turbat,
1077 1852 1132 1938 qui
1154 1852 1219 1916 fine
1239 1852 1292 1916 illa

259 1953 464 2039 probabiliter
486 1953 616 2018 constat.
662 1955 725 2018 Sed
749 1956 818 2018 haec
838 1957 932 2018 verba
954 1956 999 2017 sua
1017 1959 1057 2039 τῷ
1075 1952 1291 2041 ωαςαδάγματι

259 2040 441 2140 Quadrigas
466 2055 568 2132 ποιήσω
588 2057 634 2118 τὸν
657 2056 751 2139 λόγον,
776 2055 852 2141 quid
879 2055 933 2117 fibi
952 2055 1088 2119 volunt?
1118 2055 1206 2120 Nam
1230 2057 1293 2121 fine

259 2155 320 2233 Iris,
342 2156 452 2218 saltem
471 2154 524 2219 illa
542 2156 655 2244 priora,
675 2157 704 2218 τί
722 2157 765 2220 οὖν
783 2161 837 2228 beu
855 2155 868 2218 b
887 2154 1010 2237 βέλομσι
1029 2156 1130 2241 λέγειν,
1151 2157 1292 2243 aliquem

160 2287 163 2292 ·
259 2254 381 2318 sensum
404 2255 591 2320 habuissent.
636 2257 732 2320 Nune
756 2256 854 2319 homo
876 2277 941 2318 non
962 2254 1291 2341 contentnsdisputa·

259 2355 355 2421 tionis
370 2378 486 2420 nexum
501 2355 681 2444 interposita
698 2357 834 2421 formula
852 2356 1058 2442 interrupisse,
1074 2356 1127 2442 ipsr
1143 2356 1294 2422 sormulae

259 2457 353 2521 aliam
375 2457 464 2521 addit
487 2458 676 2540 formulam3
700 2473 794 2545 atque
808 2458 852 2521 ita
867 2473 968 2521 totam
986 2458 1150 2522 obscuram
1168 2470 1203 2522 et
1220 2480 1293 2523 am-

258 2559 391 2646 biguam
407 2559 520 2624 reddit.
558 2560 648 2645 Λόγος
663 2559 790 2647 quidem
806 2560 848 2622 cst
862 2559 910 2622 vel
929 2558 1007 2621 illud
1021 2560 1052 2621 τὸ
1066 2557 1130 2621 λίαν
1143 2565 1232 2640 φιλᾶν
1245 2565 1294 2624 τοῦ

257 2664 296 2740 μὴ
312 2667 395 2742 φιλᾶν
410 2661 494 2724 αἴτιον
513 2659 628 2738 aurien,
644 2660 692 2723 vel
713 2674 816 2722 totum
835 2671 941 2745 caput.
986 2657 1049 2722 Sed
1070 2658 1148 2744 quid
1169 2660 1215 2723 est
1235 2663 1292 2741 Ita,

258 2774 365 2824 utnnn
390 2761 430 2824 ad
452 2760 683 2838 antecedentia,
707 2782 747 2824 an
770 2761 810 2824 ad
830 2760 1001 2845 sequentia,
1019 2759 1175 2825 refertur?
1201 2762 1238 2826 Si
1250 2763 1294 2827 ad

218 2910 221 2924 .
257 2861 478 2926 antecedentia
496 2862 641 2939 refertur,
658 2860 709 2925 hic
728 2861 789 2925 erit
802 2861 917 2938 sensus,
941 2861 1026 2947 Quid
1045 2871 1142 2924 autem
1157 2861 1227 2927 volo
1243 2863 1295 2941 boe

258 2961 346 3039 diedo,
366 2964 398 3024 τὸ
419 2962 483 3025 λίαν
499 2968 583 3045 φιλεῖν
601 2967 636 3025 τῦ
656 2965 693 3042 μὴ
709 2967 792 3044 φιλέιν
805 2960 890 3024 αἴτιον
903 2961 1017 3038 κοπίς-η,
1033 2961 1113 3048 quod
1131 2984 1184 3049 ego
1200 2963 1295 3028 albuli

256 3074 291 3126 ut
312 3062 533 3149 disputationem
556 3062 681 3148 exemplo
704 3061 906 3126 dilucidiorem
927 3062 1061 3124 reddum.
1105 3063 1162 3128 Sin
1179 3063 1224 3128 ad
1242 3067 1292 3130 se-

257 3165 398 3250 quentia,
422 3162 675 3228 subaudiendum
699 3163 759 3226 erit
782 3165 911 3228 verbum
935 3163 1032 3227 dicam
1052 3164 1100 3228 vel
1119 3163 1228 3244 simile,
1253 3182 1294 3230 nt

257 3266 412 3330 sententia
433 3265 520 3329 hunc
542 3264 574 3329 in
596 3263 728 3328 modum
748 3263 957 3350 concipiatur,
980 3265 1064 3350 Quid
1082 3276 1181 3330 autem
1198 3267 1294 3330 velim

257 3367 310 3431 hoc
330 3368 405 3432 dicio
425 3370 456 3430 el
475 3366 539 3430 alae
553 3370 638 3450 φιλεῖν
651 3371 688 3428 ra
701 3369 739 3448 μὴ
753 3371 836 3448 φιλεῖν
850 3364 935 3430 αἴτιον
952 3366 1066 3445 narsen,
1085 3367 1183 3432 dicam
1197 3380 1228 3432 et
1240 3370 1294 3433 boc

256 3468 367 3531 dialem
389 3469 517 3556 exemplo
540 3466 700 3531 dilucidius
716 3467 847 3554 saciant.
891 3469 1015 3534 Neutra
1036 3469 1192 3532 sententia
1213 3491 1293 3535 cum

257 3568 342 3632 recia
362 3570 578 3634 Grammatica
598 3568 719 3634 ratione
742 3569 901 3633 convenit.
948 3573 1054 3647 Porro,
1078 3569 1157 3656 quid
1181 3571 1227 3634 est
1249 3577 1294 3656 τῷ

255 3665 489 3752 σαςαὸεἱγματιέ
513 3670 591 3754 quid
606 3672 648 3733 est
661 3673 720 3754 aa?
742 3655 821 3733 'nam
842 3669 993 3734 articulus
1015 3669 1112 3733 habet
1133 3670 1290 3757 fignifica-

219 3774 222 3779 ’
255 3768 378 3834 tionem
393 3783 488 3833 certae
503 3769 666 3855 cujusdam
687 3771 732 3834 rei
751 3785 784 3835 et
804 3772 886 3856 quasr
910 3772 1222 3852 demonstrationem,
1240 3775 1293 3837 boc

256 3869 403 3958 exemplc;
428 3870 590 3955 quodnam
604 3871 646 3934 est
661 3871 722 3935 hoc
736 3873 938 3958 exemplum?
963 3873 1052 3936 autb
1066 3862 1179 3938 omisso
1192 3875 1291 3940 uiam

255 3971 390 4036 artictalo
409 3969 600 4057 accipiamus
620 3970 746 4057 exemplo
765 3971 916 4050 universe,
938 3972 970 4035 id
990 3973 1033 4036 ea
1046 3976 1175 4060 quodam
1191 4000 1289 4040 exeat·

249 4071 316 4159 plo,
341 4071 448 4136 denuo
471 4071 633 4154 interrogo
655 4071 817 4156 quodnam
843 4072 878 4135 fit
900 4072 979 4136 illud
996 4074 1159 4159 quoddam
1177 4098 1286 4142 exem·

255 4174 368 4261 plum?
397 4178 451 4241 An
466 4177 509 4241 est
523 4174 602 4239 illud
624 4175 656 4238 in
679 4176 881 4263 sequentibus
895 4179 1042 4264 positum,
1057 4191 1091 4244 ut
1100 4181 1213 4269 stirpes
1225 4208 1288 4247 me·

254 4273 400 4340 diocribus
418 4275 505 4364 aquis
526 4275 663 4356 aluntur,
683 4277 905 4343 abundantibus
916 4280 1128 4366 suffocantem
1153 4282 1288 4350 itacui·
