2684 5258
245 748 248 753 ·
314 720 520 782 murelum
536 723 594 783 DE
611 725 816 786 Aumouu.
1031 742 1069 796 31

74 879 150 947 ritm
165 880 320 948 babeant.
364 885 408 948 Et
421 883 493 951 sunt
506 884 603 973 bujuu
615 887 741 974 generis
756 889 935 975 complures
947 894 1075 978 gradu»,

70 983 249 1066 proutinotae
270 984 337 1049 illae
352 986 456 1072 magis
478 987 618 1053 minusve
635 988 683 1054 vel
702 989 896 1076 frequentes,
913 992 1077 1061 velmaui·

34 1102 37 1107 ·
70 1081 470 1172 sesoeetconspicuaesunt.

98 1185 160 1250 hm
167 1184 332 1273 judicium
345 1184 388 1250 de
402 1184 465 1252 boc
476 1186 583 1253 libello
596 1200 701 1254 totum
714 1189 748 1255 in
761 1190 817 1256 illo
829 1191 931 1257 altero
944 1213 982 1257 ac
992 1192 1076 1260 didi·-

68 1285 147 1353 tilori
165 1300 287 1377 genere
307 1288 473 1354 versatim·
501 1289 601 1355 Nulla
618 1291 661 1355 est
680 1264 908 1373 notueribssmu,
924 1293 979 1358 nisr
990 1294 1078 1360 ‘forte

66 1386 197 1467 unm-sed
215 1409 257 1453 ea
278 1408 338 1474 per
359 1387 393 1450 se
412 1387 476 1452 solu
493 1387 660 1454 mediocris
674 1404 839 1456 momento
852 1391 1075 1460 etevidentiaz

10 1494 13 1532 ³
65 1491 140 1556 nullu
155 1503 246 1557 certe
263 1489 428 1555 manifesta
447 1504 482 1555 et
501 1490 609 1557 minut
626 1491 729 1558 doctis
745 1493 917 1581 perspicua.
953 1495 1076 1564 Omnes

63 1589 123 1657 sont
137 1591 285 1672 interne,
307 1589 492 1671 recondite,
511 1593 553 1657 ub
571 1593 721 1658 Audiorir
738 1595 796 1658 usu
815 1595 1016 1681 repetend1e3
1036 1602 1076 1662 rit

61 1692 116 1758 sere
135 1692 176 1758 ad
197 1691 371 1759 indocilem
393 1692 516 1758 sensum
535 1693 722 1775 referantur,
743 1709 777 1760 et
794 1696 945 1782 exiguum
962 1696 1077 1779 potioni

57 1792 154 1860 locum
174 1793 381 1881 relinquant·
415 1794 519 1880 Igitur
538 1795 709 1881 paucissrmi
730 1796 859 1862 fuerunt
875 1787 931 1882 qui
950 1796 993 1862 de
1013 1798 1077 1864 boc

55 1894 155 1961 libello
180 1893 294 1963 nudae
320 1893 526 1980 suspicionem
552 1895 774 1981 conciperent:
809 1911 896 1962 certe
922 1896 978 1984 qui
1004 1912 1077 1965 eam

53 1995 231 2082 puderent,
244 1993 334 2082 quod
346 1994 453 2074 scium,
466 2003 531 2059 non
544 1996 598 2059 nisi
613 1994 678 2061 duo
692 1997 843 2061 suerunt:
865 1995 955 2081 ulter,
970 2000 1022 2063 M.
1031 2002 1076 2066 A.

53 2096 214 2176 Muretus,
227 2096 305 2162 Ver.
319 2095 409 2161 lect.
423 2097 516 2176 XIV,
534 2116 564 2174 1,
584 2096 640 2159 ubi
658 2096 766 2160 locum
781 2096 941 2181 corrigens
956 2098 1079 2185 Cupitis

54 2199 113 2267 XV
132 2198 365 2288 hujus-libelli,
388 2201 429 2265 sie
456 2200 631 2287 proefatur5
662 2198 693 2262 in
715 2197 826 2278 libello,
850 2201 902 2287 qui
921 2200 1080 2268 Plutarchi

54 2302 169 2390 quiden
185 2323 249 2365 m
264 2301 394 2382 videtur,
408 2301 472 2388 sed
489 2300 568 2365 inter
587 2300 675 2388 ipſsus
690 2301 827 2388 opusculo
844 2315 941 2366 tamen
954 2302 1078 2390 legitur,

55 2402 105 2466 Be
117 2402 240 2467 Liberis
252 2402 446 2467 mordis:
468 2401 559 2482 ulter,
579 2405 632 2468 Jo.
648 2402 800 2483 Rualdur,
815 2403 890 2471 Vitu
905 2404 1077 2484 Plutarchi,

57 2504 131 2585 XX,
153 2525 187 2589 p.
200 2522 257 2584 41,
279 2503 335 2568 five
355 2505 383 2568 is
404 2503 515 2591 suopte
538 2502 680 2589 ingenio,
701 2506 772 2583 five,
793 2505 879 2591 quod
897 2505 1079 2572 credibilius

55 2605 105 2685 esi,
131 2604 190 2669 illo
212 2605 336 2670 Mureti
355 2603 480 2691 judicio
504 2603 697 2684 admonitus,
721 2606 784 2680 boc
807 2605 896 2670 vidit.
940 2610 983 2671 Et
1004 2629 1079 2672 vero

55 2704 232 2771 mirandum
246 2705 291 2772 esi
303 2719 370 2770 tum
385 2722 504 2791 paucos
515 2706 647 2770 extitisse
656 2707 711 2792 qui
720 2707 782 2770 hoc
791 2728 847 2792 per
860 2708 891 2771 se
904 2708 958 2792 ipsr
974 2709 1077 2772 anirn-

56 2803 252 2871 adrertereut
271 2827 313 2871 ex
332 2817 384 2870 tot
405 2805 564 2870 Plutarchi
587 2806 778 2872 ledtoribus:
816 2805 848 2869 in
871 2807 986 2892 quibus
1007 2807 1077 2873 iuc-

57 2921 127 2972 nrnt
144 2929 165 2972 ι
177 2906 293 2994 quibui
306 2905 406 2971 telem
423 2906 495 2994 quir
514 2905 810 2971 animadverfionem
825 2907 939 2970 merito
950 2908 1078 2992 exspec-

55 3009 152 3089 tafl'et,
167 3028 245 3074 eum
260 3007 420 3095 principer
434 3008 616 3073 Graecarum
634 3006 824 3086 literanum,
845 3020 915 3070 turn
929 3006 1079 3088 editores,

55 3129 92 3174 ue
104 3109 211 3175 dicum
226 3107 390 3197 singularis
406 3107 502 3196 hujus
516 3108 626 3189 libelli,
641 3108 694 3173 sed
714 3108 859 3173 omnium
875 3107 1079 3174 Plutarcbeo-

56 3222 123 3276 nrm
144 3215 294 3297 operum,
308 3210 364 3297 qui
384 3223 494 3276 eorum
515 3211 650 3276 sormam
671 3212 855 3298 sensumque
871 3212 929 3276 usu
946 3234 1079 3299 percep-

55 3320 123 3376 tum
144 3311 314 3389 tenebunt,
334 3310 528 3375 eruditissimi
549 3311 695 3375 homines
710 3312 874 3398 Xylander
890 3325 923 3376 et
942 3314 1079 3399 Stephu·
1166 3307 1171 3316 ¹

56 3429 125 3474 nur.
170 3407 237 3474 Sed
260 3407 339 3495 quid
361 3429 415 3474 eoo
437 3409 553 3490 dicam,
574 3410 629 3496 qui
650 3411 712 3474 hoc
734 3412 842 3496 perse
863 3411 916 3497 ipsr
938 3424 1080 3478 autnon

56 3509 357 3590 mimaduortemnt,
372 3524 428 3576 aut
441 3509 688 3576 animadversum
707 3533 772 3576 non
790 3511 980 3598 vulgarunt?
1004 3535 1081 3580 cum

58 3610 199 3697 plerique
211 3609 309 3676 etium
322 3610 476 3676 admoniti
489 3611 544 3676 illa
557 3611 679 3677 Mureti
700 3630 737 3676 ao
756 3612 869 3677 Ruuldi
883 3611 1080 3677 animadver-

58 3710 156 3791 fione,
170 3731 240 3777 eum
256 3712 463 3799 improbarint
476 3734 513 3778 ac
528 3711 804 3799 reprehenderint:
828 3732 866 3777 ex
880 3713 995 3799 quibus
1009 3711 1081 3775 satis

56 3812 99 3877 est
116 3810 204 3876 duos
224 3813 410 3893 nommass'e,
426 3814 466 3879 Τ.
481 3815 525 3879 A.
541 3812 731 3892 Fabricium,
758 3833 912 3897 magnum
937 3811 1081 3896 profecto

56 3913 156 3979 virum
175 3912 333 3980 bibliam.
354 3916 414 3978 Gr.
431 3912 493 3993 ΙΙΙ,
514 3934 548 4000 p.
564 3912 641 3999 348,
660 3926 693 3976 et
713 3916 782 3978 Jac.
803 3911 887 3975 Frid.
902 3911 1079 4001 Heusinge-

57 4034 139 4096 mm,
157 4035 225 4080 nou
238 4011 367 4102 quidem
383 4013 473 4078 illum
492 4028 619 4079 tuntum
635 4013 736 4077 virum
750 4024 886 4099 quantur
906 4015 1011 4101 postea
1023 4037 1080 4080 ex·

58 4115 141 4195 stitit,
153 4113 209 4180 sed
223 4123 331 4180 tamen
343 4113 576 4182 adolescentem
594 4112 681 4177 haud
702 4115 945 4179 contemnendo
959 4115 1079 4180 dodiri·

58 4236 117 4295 rue,
131 4228 165 4280 et
179 4215 213 4279 in
228 4214 397 4303 praeeipuie
413 4204 577 4300 singularis
597 4213 691 4300 hujus
705 4212 803 4278 libelli
816 4213 989 4280 editoribus
1003 4235 1079 4278 cen-

56 4316 200 4383 sendum.
230 4315 298 4381 Alii
311 4311 346 4381 et
359 4315 498 4403 primarii
511 4313 591 4378 adeo
603 4315 660 4380 viti
673 4336 748 4380 eum
761 4314 873 4401 infigni
886 4315 970 4379 hunc
984 4314 1080 4400 scrip·

54 4417 234 4484 tiunculmrr
255 4416 350 4483 laude
370 4427 609 4482 memorarunt,
639 4418 692 4481 Jo.
706 4415 859 4502 Toupiun
880 4414 1079 4500 ingeniofiffi-

53 4539 126 4585 mur
143 4519 288 4597 orimur,
309 4516 351 4583 ud
371 4516 510 4603 [origin.
532 4536 567 4601 p.
582 4530 653 4598 171,
675 4528 767 4582 vocat
787 4513 1026 4601 elegantffmum
1040 4516 1081 4579 li-

54 4621 173 4692 bellum.
218 4621 309 4690 Huic
337 4618 468 4689 minime
495 4615 744 4731 postponendus,
770 4615 824 4688 sod
848 4617 1081 4706 proponendus
