2684 5258
172 380 174 385 ⁴
251 364 273 429 a
449 301 1097 430 D.W.PRAEFAT10AN1MADV.=

252 556 513 647 quantumque,
526 554 650 617 taceat.
701 545 760 616 De
791 545 874 617 locis
899 545 1048 642 quidem
1082 541 1279 641 desperatis,

252 671 378 769 quibus
394 670 508 741 lucem
525 680 586 740 aut
603 666 781 740 sanitatem
799 667 930 740 adferre
952 692 1025 740 non
1046 669 1214 764 potuerit,
1232 691 1281 740 ue

253 804 377 880 taceat,
397 789 456 863 sed
480 791 708 888 ignorantiam
736 790 803 887 ipse
828 790 923 864 suam
946 789 1091 863 candide
1114 789 1280 888 profitea-

253 927 322 988 tur.
385 914 460 1013 Qui
487 912 581 986 secus
606 912 701 1001 facit,
731 912 913 1010 dupliciter
940 924 1080 1010 peecatt
1116 922 1153 983 et
1183 910 1282 1008 quod

252 1036 386 1111 silentio
411 1034 675 1134 intelligentiam
700 1036 850 1123 simulat,
867 1047 905 1107 et
920 1034 1017 1132 quod
1039 1022 1112 1106 aliis
1134 1059 1280 1130 corrup-

254 1170 334 1233 tum
356 1170 535 1255 tamquam
561 1158 681 1232 sanum
703 1159 819 1231 tradit.
870 1158 951 1231 Nec
972 1158 1094 1254 potest,
1115 1156 1180 1228 nisi
1196 1156 1280 1227 sirn-

254 1281 333 1379 plex
349 1293 386 1353 et
402 1292 552 1377 apertus,
569 1282 751 1379 quisquam
768 1283 837 1353 esse
851 1283 967 1353 bonus
984 1281 1163 1376 interpres.

168 1394 171 1401 ¹
315 1402 375 1477 Ad
398 1403 496 1475 hunc'
520 1404 666 1477 modum
692 1404 718 1476 sr
744 1404 843 1476 nobis
867 1403 1141 1475 Grammaticam
1165 1402 1281 1473 Inter·

255 1527 486 1623 pretationem
502 1526 616 1624 explet
636 1528 813 1623 interpres,
839 1525 1002 1623 praeclare
1024 1524 1205 1597 nobiscum
1222 1523 1282 1620 agi

195 1630 204 1645 ’
256 1648 502 1740 existimemus,
521 1650 680 1722 contenti
697 1649 815 1735 fimus,
833 1673 898 1721 nec
915 1646 1006 1720 ultra
1020 1646 1105 1743 quid
1128 1646 1282 1742 requira-

255 1795 348 1843 mus.
401 1771 474 1867 lpse
490 1796 573 1843 vero
590 1775 755 1866 interpres
772 1795 844 1843 non
861 1773 910 1842 ita
926 1769 960 1841 se
977 1771 1032 1842 his
1048 1769 1178 1841 tinibus
1193 1792 1282 1840 con-

256 1892 395 1978 tinebit,
413 1891 500 1985 quin
516 1891 661 1963 subinde
682 1892 720 1961 in
744 1892 911 1964 Criticam‘
930 1904 1088 1965 excunat
1106 1892 1283 1987 Interpre-

257 2014 438 2087 tationem.
489 2012 559 2084 Sed
582 2037 660 2084 eam
685 2013 850 2084 historicis
875 2016 985 2109 magis
1007 2038 1112 2108 quam
1134 2012 1282 2110 dogma·

257 2135 336 2208 ticis
362 2134 539 2207 adhibebit
564 2133 665 2207 locis:
692 2135 826 2207 cavebit
852 2134 926 2223 fibi,
951 2159 997 2206 ne
1020 2135 1212 2208 Aridiorem
1237 2135 1284 2207 ad

257 2257 362 2330 nostri
379 2258 617 2354 potiusquam
640 2258 775 2353 antiqui
794 2258 963 2329 rationem
978 2257 1284 2331 consuetudinem-

257 2405 329 2475 que
354 2380 645 2477 ingeniiexigat:
676 2379 807 2477 semper
832 2381 1000 2478 cogitabit
1025 2381 1111 2477 quid
1134 2378 1285 2477 postulet

258 2503 326 2574 loci
349 2503 449 2591 ratio,
473 2502 558 2600 quid
580 2502 771 2600 legentium
797 2503 976 2577 mensura:
1007 2528 1157 2600 quorum
1183 2503 1283 2598 inge-

257 2625 324 2696 niis
340 2625 463 2720 saepius
478 2625 649 2722 relinquet
666 2625 734 2696 hoc
753 2626 941 2719 judicium,
959 2623 1151 2722 quamipse
1166 2624 1280 2697 saciet.

257 2746 353 2817 Nam
372 2747 499 2817 horum
516 2746 658 2842 quidem
684 2771 745 2842 per
768 2749 817 2820 est
838 2747 1022 2820 ridiculum
1039 2761 1077 2821 et
1099 2746 1280 2820 indoslum

257 2891 370 2965 genus
387 2868 629 2978 inperpretum,
647 2869 708 2964 qui
733 2870 769 2941 in
792 2869 875 2942 locis
897 2870 1046 2943 obscuris
1064 2894 1131 2943 nec
1147 2870 1207 2942 fibi
1226 2870 1280 2941 in·

259 2988 405 3061 tellestis
438 3000 577 3061 tacent:
613 2991 673 3061 ubi
706 3015 787 3063 vero
813 2992 923 3073 ,talem
951 2992 1131 3088 judicandi
1164 2992 1280 3064 locum

258 3111 352 3184 nesti
376 3110 467 3198 sunt,
487 3136 582 3200 eum,
600 3115 756 3210 quamvis
777 3115 1003 3212 perspicuum,
1024 3115 1148 3213 cupide
1164 3115 1282 3210 arripi·

259 3245 338 3321 unt,
360 3233 397 3305 in
418 3258 501 3306 eum
525 3248 566 3307 ut
583 3237 788 3334 ignorantiae
806 3248 1053 3336 tegumentum
1069 3238 1102 3310 se
1118 3237 1283 3325 induunt,

259 3381 320 3452 per
352 3355 471 3455 longas
504 3357 748 3453 disputationes
781 3360 1051 3456 intempestivam
1084 3360 1281 3457 sapientiam

258 3492 479 3573 expromunt,
503 3479 605 3578 seque
631 3493 708 3554 tum
735 3482 885 3578 optimos
910 3482 1112 3581 interpretes
1131 3481 1281 3579 jadtant,

258 3599 384 3671 alteros
417 3600 493 3672 illos
527 3603 784 3677 Grammaticos
817 3605 1030 3701 interpretes,
1065 3629 1280 3701 quamquam
1323 3615 1327 3628 '

254 3722 383 3807 ⁴unicos
404 3721 652 3820 >intelligentiae
681 3725 833 3823 opifices,
863 3741 980 3799 tamen
1010 3738 1051 3798 ut
1079 3726 1281 3823 syllabarum

254 3866 412 3940 ,aucupes
445 3856 689 3917 contemnunt.
743 3851 827 3948 Quo
856 3848 990 3945 decepti
1022 3826 1137 3922 errore
1166 3849 1281 3936 multi,

260 3979 413 4061 patrum
433 3969 676 4064 majorumque
707 3952 884 4057 memoria,
915 3994 972 4042 eas
999 3971 1143 4045 demum
1172 3971 1281 4049 bonas

259 4087 429 4165 editiones
445 4088 658 4182 judicarunt,
675 4092 802 4187 quibus
817 4092 1010 4188 Discursus,
1028 4095 1081 4165 uti
1098 4094 1281 4181 vocabant,

262 4208 404 4281 Politice·
419 4226 450 4290 et
469 4210 570 4283 Plrilo
584 4211 697 4310 opltici
712 4213 837 4308 adjedli
852 4214 972 4288 essent.
1020 4217 1281 4317 Qui,quamvis

559 4506 715 4576 A
