2684 5258
289 364 348 426 170
430 355 470 415 D.
482 356 532 415 W.
552 354 759 417 ANIMADV.
778 357 826 416 IN
846 353 1081 425 rnersscffl
1099 356 1177 417 Lm.

285 515 329 581 esi
347 515 429 597 haec,
449 517 534 604 quod
551 519 709 605 AEsopicae
729 518 846 584 sabula
867 530 902 585 et
921 519 1049 606 poetica
1068 530 1259 606 argumenta
1271 519 1312 586 ad

285 620 441 706 puerilem
463 621 702 701 institutionem,
725 620 846 708 reliqna
868 620 909 687 ad
930 620 1155 687 adolescentie
1176 620 1308 709 discipli·

285 744 360 787 nam
386 738 419 787 et
447 723 680 809 philosophiam
708 724 897 788 reseruntur.
952 721 1012 787 Illa
1040 722 1075 787 in
1103 722 1306 797 Grammatiei

284 823 392 890 schola
409 824 546 910 legendo
563 826 845 913 cognoscebantur,
860 823 947 911 apud
960 823 1136 891 Rhetorem
1150 824 1304 891 scribendo

195 944 202 957 ¹
284 925 500 991 rudebantur
512 951 521 989 t
545 926 744 1011 habebatque
757 926 885 991 initium
899 947 937 991 ac
951 925 1093 1011 primum
1107 924 1221 993 locum
1238 948 1300 1014 pro·

281 1028 540 1113 gymnasmatum
560 1035 647 1110 μῦθος
665 1030 827 1108 Αἰσώπειος,
846 1028 984 1095 seeundo
1004 1027 1077 1093 loco
1098 1043 1170 1094 erat
1182 1030 1299 1115 θήγῃ,

281 1129 427 1209 namatio,
450 1130 542 1217 cujus
565 1132 608 1195 ell
626 1154 729 1217 genus
750 1131 913 1218 quoddam
934 1144 1144 1218 argumentum
1161 1133 1295 1221 petiae,

281 1228 316 1293 id
331 1230 387 1311 est,
399 1231 499 1295 brevis
510 1253 547 1295 ac
560 1232 725 1318 perspicua
737 1233 873 1298 narratio
886 1230 1013 1312 fabulae,
1028 1255 1102 1319 quae
1116 1233 1150 1299 in
1164 1246 1294 1321 poemttt

281 1328 378 1394 latius
400 1330 555 1417 fususque
575 1332 711 1418 exposita
725 1334 779 1398 ell.
811 1332 913 1420 Cujus
927 1332 1062 1399 instituti
1082 1332 1166 1399 ratio
1186 1332 1291 1400 uberius
1329 1316 1332 1333 ¹

282 1430 474 1519 intelligitur
495 1456 534 1498 ex
559 1433 762 1514 Rhetoribus,
788 1434 1006 1522 Quindiliano
1031 1436 1108 1499 lnst.
1132 1437 1190 1502 Or.
1210 1437 1249 1501 11.
1263 1453 1289 1515 4.

209 1568 212 1575 ·
282 1536 493 1622 Hermogene
512 1536 599 1622 apud
619 1536 808 1601 Priscianum
830 1536 862 1601 in
885 1537 1208 1604 Praeexercitamentis
1221 1557 1247 1601 1.
1263 1547 1288 1601 tt

284 1654 315 1703 a.
339 1658 441 1722 nuper
465 1638 595 1703 demum
616 1638 703 1704 edito
729 1642 842 1704 Groece
864 1639 896 1704 in
917 1638 1071 1704 Biblioth.
1094 1640 1208 1727 Amiq.
1226 1638 1286 1705 liu

283 1737 415 1807 Tlrcone
437 1740 752 1828 Progymnasmatum
773 1740 878 1826 capite
889 1760 922 1824 3.
945 1752 978 1803 et
996 1759 1029 1821 4.
1056 1738 1252 1824 Aphthonio,
1264 1755 1285 1799 1.

283 1855 318 1905 ct
332 1861 368 1907 a:
391 1840 579 1924 quibuscum
598 1842 779 1907 conseratur
798 1843 911 1907 Cicero
927 1845 1051 1906 Invent.
1068 1843 1172 1928 l.19·.
1189 1840 1285 1905 etAn·

283 1947 352 2010 slor
363 1944 405 2007 ad
420 1943 620 2008 Herennium
636 1945 661 2005 l.
680 1947 710 2007 8.
747 1944 925 2008 Heraclidis
944 1942 1023 2008 liber
1033 1943 1163 2023 Abarin,
1181 1956 1214 2009 et
1228 1939 1285 2013 Asi·

282 2045 375 2109 sionis
390 2047 513 2128 Lycen,
528 2042 622 2107 unica
637 2043 696 2107 hac
716 2044 875 2109 Plutarchi
890 2045 1054 2109 mentione
1067 2044 1175 2111 adhuc
1187 2039 1287 2130 cogniti

280 2146 365 2209 sunt.
400 2142 514 2205 Abaris
537 2140 765 2228 hyperboreus,
789 2159 826 2208 ut
844 2145 1034 2224 fabulosum,
1055 2145 1286 2213 incelebratum

279 2244 366 2331 apud
391 2257 511 2308 veteres
537 2244 600 2309 suit
627 2268 766 2311 nomen:
796 2248 983 2313 Heraclides
1010 2248 1087 2335 quin
1116 2246 1285 2336 cognomine

281 2349 420 2415 Ponticas
439 2347 641 2434 significetur,
664 2347 714 2413 vix
735 2349 871 2413 dubitari
894 2351 1011 2434 potest3
1037 2350 1190 2436 squidem
1208 2347 1286 2435 huju
1330 2402 1332 2411 .

279 2474 355 2518 cum
370 2451 547 2516 fabularum
563 2450 663 2515 studio
679 2449 741 2515 tale
759 2450 935 2535 scriptionis
948 2463 1177 2535 argumentum
1189 2468 1285 2515 conre-

280 2556 340 2619 nit.
383 2553 561 2618 Aristonem
576 2566 656 2638 puto
670 2552 733 2616 dici
748 2576 812 2617 non
829 2552 948 2616 Chium
969 2551 1062 2616 illum
1082 2553 1236 2633 Stoicum,
1247 2546 1286 2615 scd

279 2658 386 2721 Ceum
411 2653 667 2737 Peripateticum,
689 2653 891 2716 successbrcrn
915 2651 1068 2738 Lyconis,
1090 2674 1112 2716 a
1133 2651 1223 2740 cnjus
1241 2672 1286 2716 oo·

278 2759 366 2825 mine
387 2779 462 2819 curn
488 2776 604 2817 nomen
629 2754 709 2845 libro
732 2754 862 2837 posuisse
886 2753 1035 2819 credibile
1059 2755 1123 2819 est:
1153 2755 1207 2820 cui
1225 2751 1287 2819 adeo

277 2860 439 2945 pleraque,
454 2878 525 2940 quae
544 2853 682 2918 Aristoni
703 2854 787 2918 Chio
804 2855 1036 2933 tribuebantur,
1052 2855 1169 2941 scripta
1181 2853 1286 2945 atljudi·

278 2972 391 3023 caruut
418 2956 522 3020 idonei
542 2954 680 3040 judices,
710 2957 866 3020 Panaetius
889 2973 922 3021 et
947 2958 1128 3037 Sosrcrates,
1152 2972 1190 3023 ut
1211 2957 1287 3025 resen

276 3061 440 3146 Diogenes
454 3061 560 3123 laert.
575 3059 652 3121 Vll.
671 3060 741 3141 163.
761 3058 813 3121 eui
829 3058 1027 3123 adhibendus
1041 3059 1084 3123 est
1102 3058 1195 3126 locus
1210 3060 1286 3127 Cice·

274 3160 363 3228 ronis
382 3157 449 3222 Fin.
463 3159 505 3222 V.
519 3172 551 3240 5.
587 3155 684 3242 Quod
700 3172 808 3220 autem
823 3146 1015 3244 Glyconem,
1031 3179 1095 3243 quo
1109 3157 1287 3246 cognomine

275 3276 408 3352 propter
421 3259 605 3325 suavitatem
619 3259 839 3343 appellabatur
852 3262 965 3346 Lycon
980 3259 1107 3323 Horatii
1121 3262 1218 3346 Epist.
1230 3263 1254 3326 l.
1264 3277 1287 3322 1.

274 3388 330 3453 30,
351 3364 500 3435 eumdem
523 3376 619 3449 atque
642 3362 729 3425 hunc
752 3360 995 3446 Peripateticum
1018 3361 1079 3425 effe
1100 3362 1171 3428 vult
1187 3365 1288 3431 Mea·

274 3471 348 3555 gius
367 3467 408 3530 ad
430 3467 528 3552 Diog.
553 3467 658 3529 Laert.
685 3465 727 3528 V.
748 3466 800 3547 67.
824 3462 904 3526 mihi
930 3461 1059 3548 quidem
1086 3486 1152 3528 non
1177 3467 1288 3553 probs&

272 3571 438 3633 Caeterum
456 3592 475 3632 a
497 3568 634 3633 letlione
657 3564 838 3651 hujusmodi
861 3564 1013 3629 librorum
1036 3579 1069 3628 et
1089 3565 1218 3649 placitis
1236 3564 1290 3652 mel

273 3677 327 3733 τῶν
344 3669 445 3752 ψυχῶν
467 3667 573 3730 mixtis
592 3667 762 3750 μυθολογίᾳ,
782 3665 891 3752 quales
913 3666 944 3728 in
969 3666 1106 3731 Platonis
1130 3669 1290 3749 Phaedone,

271 3769 406 3856 Gorgia,
421 3770 463 3832 de
475 3769 648 3851 llepubliea
661 3769 742 3832 libro
752 3769 890 3848 decimo,
908 3769 1066 3834 Plutarchi
1082 3771 1123 3837 de
1138 3775 1218 3839 Sera
1227 3776 1290 3839 Nu·

272 3873 368 3938 minis
380 3866 541 3944 Vindista,
561 3866 602 3929 de
621 3868 727 3930 Genio
749 3869 899 3946 Socratis,
914 3868 954 3932 de
970 3869 1101 3949 Anima,
1122 3873 1164 3937 ab
1187 3873 1291 3939 horum

272 3977 373 4064 igitur
391 3972 528 4038 scaione
549 3970 676 4034 initium
697 3985 732 4034 et
748 3972 867 4056 gradus
889 3972 983 4035 fiebat
995 3994 1016 4035 a
1034 3972 1180 4058 pueritiae
1196 3973 1292 4041 studiis

269 4078 312 4142 nd
327 4076 425 4141 sludia
438 4071 655 4139 adolescentiae
669 4087 702 4136 et
716 4073 932 4159 cognitionem
949 4073 1177 4161 philosophia-:3
1197 4100 1290 4167 quan·

271 4176 448 4263 doquidem
461 4178 580 4243 habent
591 4174 752 4262 quandam
773 4175 850 4257 μόθο
869 4188 902 4238 ct
921 4175 994 4259 λόγο
1016 4177 1288 4263 conjunffionem:

267 4275 388 4363 dequo
400 4290 512 4343 monet
524 4275 668 4343 eruditus
681 4274 813 4362 scriptor
826 4274 938 4343 Theon
957 4278 1197 4366 Progymnesm.
1215 4280 1288 4366 Cap.
