2684 5258
319 372 359 427 44
402 366 609 430 ANIMADV.
624 367 672 431 IN
687 367 1014 433 ammanitem.
1028 374 1264 439 PUERORUM.

283 518 290 531 ⁰
356 531 415 596 lV.
448 533 607 619 Praecepta
628 531 724 619 hujus
746 533 845 598 libelli
868 536 1075 600 continentur
1092 536 1175 602 locis
1193 554 1336 607 comma*

313 630 418 711 uhius,
434 633 596 697 sententiis
611 634 780 712 tralatitiis‚
799 635 856 700 sive
869 635 929 700 levi
944 659 981 701 ac
996 637 1150 703 mediocri
1164 660 1323 726 paucam

312 751 347 803 et
368 736 687 822 frequentiflimomm
710 738 890 804 Auaorum
914 740 1062 821 lemicae,
1088 743 1147 807 tire
1169 767 1210 809 ex
1232 732 1322 832 quud

310 837 413 902 dianae
427 837 499 901 vitae
513 838 655 903 sermone
669 839 829 924 susceptis.
873 841 999 929 Quibus
1021 843 1249 911 confirmandis
1264 866 1321 933 qu

309 939 501 1004 adhibentur
515 941 718 1005 auctoritates
733 941 780 1004 vel
795 942 835 1005 ab
849 942 1001 1028 exemplis
1016 943 1183 1024 historicis,
1196 947 1245 1012 vel
1257 945 1320 1012 elic·

307 1060 381 1105 rum
397 1041 526 1106 nomine
540 1054 573 1105 et
587 1042 699 1121 effatiS,
714 1042 835 1127 petitae,
851 1043 883 1106 in
899 1042 1009 1108 eadem
1025 1044 1098 1109 sunt
1112 1045 1253 1113 levitate.

350 1140 393 1207 V.
421 1146 469 1207 Ex
492 1142 688 1230 Philosophia
703 1164 785 1208 unus
805 1144 848 1208 est
869 1144 969 1224 Plato,
991 1144 1083 1231 cujus
1097 1147 1155 1213 sub
1170 1147 1323 1234 ipsiusne«

308 1244 394 1307 mine
408 1256 612 1329 apponuntur
626 1243 808 1322 sententiae;
832 1243 885 1308 sed
900 1265 958 1308 ncc
973 1245 1110 1330 amplius
1126 1246 1229 1314 tribue
1244 1247 1320 1327 lucit,

307 1367 367 1411 uec
385 1358 422 1407 ut
440 1342 648 1431 philosophia
661 1343 800 1428 placita:
825 1344 927 1431 magis
946 1344 1143 1410 austeritatis
1156 1361 1192 1412 et
1204 1360 1321 1414 ornatus

304 1445 419 1511 natissa.
462 1442 643 1530 Euripideae
657 1457 769 1528 quater
784 1443 974 1509 laudantur:
997 1468 1070 1531 quie
1089 1467 1149 1531 pro
1172 1448 1321 1515 Plutarchi

304 1546 533 1613 consuetudine
561 1544 664 1609 multo
693 1545 797 1629 plures
826 1544 886 1609 esse
918 1545 1088 1610 debebant.
1145 1549 1320 1631 Homerica.

304 1646 413 1715 nulla:
442 1647 609 1724 Hefiodea,
633 1671 715 1710 una:
744 1646 822 1711 item
847 1646 1026 1734 Phocylidis
1050 1661 1083 1712 et
1106 1649 1246 1730 Sotadis,
1265 1672 1321 1717 uua

302 1751 475 1838 cujusquez
500 1749 594 1812 semel
609 1748 815 1833 Epigramma
830 1747 941 1812 incerti
957 1762 1083 1834 poetae:
1107 1750 1323 1817 Demosthenis

299 1853 392 1917 locus
419 1872 514 1915 unus.
558 1853 606 1913 Rs
630 1849 689 1912 hac
714 1850 874 1933 paucitate
901 1850 932 1914 in
960 1849 1127 1915 laudandis
1148 1852 1320 1920 Audiomm

291 1951 475 2028 sententiis,
495 1964 528 2014 et
546 1950 769 2037 plerorumque
788 1952 963 2031 omissione,
981 1952 1049 2038 jam
1067 1953 1138 2038 quis
1157 1955 1322 2041 suspicetur

301 2051 507 2118 Plutarchum
529 2048 625 2136 hujus
646 2049 744 2113 libelli
764 2051 946 2136 scriptorem
964 2075 1027 2116 non
1048 2053 1119 2118 effe.
1162 2055 1319 2121 Caetenm

299 2154 386 2242 quod
400 2154 456 2219 sub
471 2154 565 2217 finem
582 2152 793 2239 Pythagorica
806 2153 959 2239 symbola,
973 2157 1056 2241 quasi
1071 2179 1090 2221 e
1105 2157 1204 2236 sacco,
1221 2159 1317 2225 essun-

298 2256 430 2335 duntur,
446 2254 552 2341 potius
568 2252 721 2317 inscitiam
735 2275 831 2338 quam
846 2253 1021 2319 doctrinam
1038 2256 1155 2343 prodit.

343 2360 404 2423 Vl.
440 2355 629 2442 Frequentia
654 2355 726 2417 sunt
750 2355 894 2441 exempla
923 2356 1086 2422 historica:
1123 2380 1224 2446 caque
1253 2362 1317 2426 sanc

155 2430 158 2435 Ι
296 2461 383 2524 hunc
405 2457 548 2523 libellum
566 2456 711 2543 jucunda
732 2455 881 2520 varietate
903 2457 1119 2544 distinguunt3
1149 2459 1194 2524 ita
1215 2474 1316 2528 tamen

295 2575 333 2627 ut
351 2560 506 2626 nonnulla
523 2581 634 2624 eorum
654 2580 729 2621 eum
744 2581 808 2621 non
832 2581 850 2621 a
873 2559 1043 2624 Plutarcho
1058 2561 1212 2647 scriptum
1225 2586 1316 2651 argu·

293 2679 361 2742 ant,
384 2663 500 2748 partim
522 2663 562 2724 ab
585 2661 648 2743 ipsa
662 2659 803 2736 veritate,
820 2660 935 2744 partim
953 2662 1105 2727 aratione
1120 2686 1184 2750 qua
1200 2665 1233 2729 in
1247 2687 1316 2753 ger·

292 2763 396 2827 manis
427 2758 586 2826 Plutarchi
615 2759 702 2822 libris
728 2759 918 2837 reseruntur,
945 2761 1166 2830 dissentientia.
1210 2765 1317 2831 Veluti

293 2862 373 2927 illud
396 2862 477 2946 Cap.
494 2861 537 2924 11.
559 2881 590 2944 p.
610 2879 637 2921 1.
653 2861 696 2922 D.
720 2858 760 2921 de
783 2858 1002 2925 Themistoclis
1022 2863 1088 2927 silio
1107 2864 1200 2930 aliter
1219 2867 1264 2932 est
1284 2867 1315 2933 in

291 2965 369 3030 Vita
386 2962 604 3029 Themistoclis
625 2983 657 3047 p.
675 2963 744 3028 128.
760 2964 797 3027 B.
820 2978 852 3027 et
872 2965 1119 3054 Apophthegm.
1137 2988 1172 3054 p.
1185 2971 1258 3055 185.
1272 2973 1313 3038 D.

290 3064 443 3152 stilponis
465 3063 585 3128 sactum
609 3061 794 3147 dictumque
816 3062 856 3126 ad
878 3066 1081 3130 Demetrium
1108 3069 1313 3137 Poliorceoem

291 3166 372 3252 Cap.
385 3166 478 3229 Vlll.
499 3185 531 3248 p.
544 3179 576 3247 5.
593 3166 627 3226 F.
647 3162 738 3226 aliter
756 3164 893 3241 refertur
908 3188 927 3228 a
946 3165 1115 3234 Plutarcho
1133 3169 1202 3235 aliia
1216 3171 1312 3256 locic5

287 3268 387 3334 altero
408 3269 460 3332 De
480 3265 592 3329 Animi
612 3264 852 3350 Tranquillitate
874 3288 907 3352 p.
917 3285 956 3351 47
959 3283 991 3353 5.
1008 3269 1048 3333 C.
1071 3270 1176 3338 obiter
1193 3286 1229 3338 et
1241 3275 1310 3340 bre·

286 3371 375 3452 vius3
412 3368 511 3433 altero
537 3365 676 3447 uberius,
706 3367 799 3430 utin
826 3367 961 3448 historia,
990 3370 1024 3434 in
1049 3371 1129 3437 Vita
1156 3371 1312 3443 Deuietrii

287 3495 321 3560 p.
337 3476 410 3560 893.
425 3471 476 3535 A:
505 3484 657 3557 praeterea
677 3467 756 3531 illud
779 3468 890 3533 salsum
912 3485 945 3535 et
967 3471 1082 3536 horum
1105 3474 1312 3547 Plutarcben-

285 3595 357 3636 rum
381 3572 526 3637 locorum
549 3569 728 3636 auctoritati
752 3592 944 3657 repugnans,
967 3574 1171 3640 Demetrium
1194 3579 1309 3667 Mega.

283 3693 352 3736 ram
367 3672 430 3736 solo
446 3673 588 3757 aequalle,
603 3677 638 3745 εἰς
653 3672 746 3753 imper
760 3671 909 3737 κατέέαλε.
940 3673 1102 3740 Theocriti
1118 3677 1195 3742 Chii
1209 3679 1308 3759 diete-

283 3773 367 3840 rium
388 3771 420 3834 in
442 3770 646 3855 Antigonum
669 3792 778 3858 regern
800 3785 835 3836 et
855 3771 969 3851 cades,
992 3775 1073 3861 Cap.
1089 3778 1183 3844 XIV.
1207 3802 1244 3868 p.
1257 3801 1306 3848 11.

177 3882 180 3889 “
281 3880 321 3944 Β.
337 3875 376 3940 C.
400 3872 519 3937 diverso
537 3871 639 3936 modo
650 3888 794 3937 narratur
811 3897 830 3937 a
850 3874 1018 3940 Plutarcho
1032 3880 1306 3967 Symposiacamm

281 3980 511 4071 Quaestionum,
533 3977 576 4039 ΙΙ.
595 3997 622 4039 1.
645 4000 677 4063 p.
694 3981 767 4062 633.
784 3980 834 4057 C;
858 3993 895 4042 ut
914 3981 1141 4069 Heusingerus‚
1157 4009 1232 4054 acer
1245 3988 1305 4054 hu.

275 4083 330 4171 jus
344 4079 442 4146 libelli
455 4077 609 4155 defensor,
625 4091 731 4141 tamen
745 4078 848 4142 facere
863 4101 926 4143 non
942 4083 1083 4167 potuerit
1096 4086 1175 4171 quin
1190 4090 1305 4157 latere·

278 4198 333 4248 tur
348 4183 380 4246 se
397 4179 514 4258 mirari,
532 4176 570 4242 ab
589 4178 684 4249 eodem
702 4187 821 4242 aaaron
840 4180 876 4241 de
895 4181 995 4268 iisdem
1015 4195 1076 4248 sam
1095 4188 1217 4276 diversa
1231 4210 1305 4257 nar.

277 4284 364 4348 rari:
386 4282 462 4349 licct
476 4280 509 4345 in
525 4277 712 4345 Praelatione
732 4299 772 4345 ex
791 4278 972 4368 hujusmodi
985 4283 1161 4370 diversitate
1174 4289 1304 4386 dudam

557 4480 757 4592 A
