<?xml version="1.0" encoding="UTF-8"?>
<!DOCTYPE html PUBLIC "-//W3C//DTD XHTML 1.0 Transitional//EN"
    "http://www.w3.org/TR/xhtml1/DTD/xhtml1-transitional.dtd">
<html xmlns="http://www.w3.org/1999/xhtml" xml:lang="en" lang="en">
 <head>
  <title>
</title>
<meta http-equiv="Content-Type" content="text/html;charset=utf-8" />
  <meta name='ocr-system' content='tesseract 3.04.00' />
  <meta name='ocr-capabilities' content='ocr_page ocr_carea ocr_par ocr_line ocrx_word'/>
</head>
<body>
  <div class='ocr_page' id='page_1' title='image "./plutarchichaero19plutgoog_0038.png"; bbox 0 0 2684 5258; ppageno 0'>
   <div class='ocr_carea' id='block_1_1' title="bbox 158 364 1046 452">
    <p class='ocr_par' dir='ltr' id='par_1_1' title="bbox 158 364 1046 452">
     <span class='ocr_line' id='line_1_1' title="bbox 158 364 1046 452; baseline -0.018 0"><span class='ocrx_word' id='word_1_1' title='bbox 158 378 200 452; x_wconf 69' lang='lat'><strong>2&#39;4</strong></span> <span class='ocrx_word' id='word_1_2' title='bbox 307 364 335 413; x_wconf 78' lang='grc'><strong>·’</strong></span> <span class='ocrx_word' id='word_1_3' title='bbox 355 364 475 439; x_wconf 62' lang='lat' dir='ltr'><strong>new.</strong></span> <span class='ocrx_word' id='word_1_4' title='bbox 491 367 722 437; x_wconf 77' lang='lat' dir='ltr'>PRAEFATIO</span> <span class='ocrx_word' id='word_1_5' title='bbox 742 366 976 438; x_wconf 76' lang='lat' dir='ltr'><strong>amnnov.</strong></span> <span class='ocrx_word' id='word_1_6' title='bbox 1004 404 1008 415; x_wconf 93' lang='lat'>·</span> <span class='ocrx_word' id='word_1_7' title='bbox 1039 404 1046 415; x_wconf 92' lang='lat'><strong>·</strong></span> 
     </span>
    </p>
   </div>
   <div class='ocr_carea' id='block_1_2' title="bbox 131 540 1186 4303">
    <p class='ocr_par' dir='ltr' id='par_1_2' title="bbox 131 540 1186 2234">
     <span class='ocr_line' id='line_1_2' title="bbox 156 540 1182 651; baseline -0.002 -25"><span class='ocrx_word' id='word_1_8' title='bbox 156 577 235 626; x_wconf 86' lang='lat' dir='ltr'><strong>aves</strong></span> <span class='ocrx_word' id='word_1_9' title='bbox 257 540 342 651; x_wconf 76' lang='lat' dir='ltr'><strong>ipsas</strong></span> <span class='ocrx_word' id='word_1_10' title='bbox 368 547 440 627; x_wconf 90' lang='lat' dir='ltr'><strong>non</strong></span> <span class='ocrx_word' id='word_1_11' title='bbox 463 555 632 626; x_wconf 88' lang='lat' dir='ltr'><strong>vexabat?</strong></span> <span class='ocrx_word' id='word_1_12' title='bbox 666 541 733 627; x_wconf 89' lang='lat' dir='ltr'><strong>Sed</strong></span> <span class='ocrx_word' id='word_1_13' title='bbox 751 555 908 629; x_wconf 76' lang='lat' dir='ltr'><strong>utilitatis</strong></span> <span class='ocrx_word' id='word_1_14' title='bbox 924 552 1009 650; x_wconf 87' lang='lat' dir='ltr'><strong>quid</strong></span> <span class='ocrx_word' id='word_1_15' title='bbox 1026 550 1182 624; x_wconf 86' lang='lat' dir='ltr'><strong>afferunt</strong></span> 
     </span>
     <span class='ocr_line' id='line_1_3' title="bbox 156 664 1181 773; baseline -0.002 -25"><span class='ocrx_word' id='word_1_16' title='bbox 156 677 229 748; x_wconf 82' lang='lat' dir='ltr'><strong>istae</strong></span> <span class='ocrx_word' id='word_1_17' title='bbox 245 675 438 747; x_wconf 79' lang='lat' dir='ltr'><strong>editiones?</strong></span> <span class='ocrx_word' id='word_1_18' title='bbox 465 675 592 748; x_wconf 71' lang='lat' dir='ltr'><strong>Doetis</strong></span> <span class='ocrx_word' id='word_1_19' title='bbox 602 664 670 750; x_wconf 43' lang='lat' dir='ltr'><strong>&#39;aut</strong></span> <span class='ocrx_word' id='word_1_20' title='bbox 693 677 789 765; x_wconf 87' lang='lat' dir='ltr'>nihil,</span> <span class='ocrx_word' id='word_1_21' title='bbox 811 687 872 749; x_wconf 91' lang='lat' dir='ltr'><strong>aut</strong></span> <span class='ocrx_word' id='word_1_22' title='bbox 888 696 1036 773; x_wconf 84' lang='lat' dir='ltr'><strong>purum:</strong></span> <span class='ocrx_word' id='word_1_23' title='bbox 1062 697 1110 748; x_wconf 91' lang='lat' dir='ltr'><strong>ne</strong></span> <span class='ocrx_word' id='word_1_24' title='bbox 1125 675 1181 746; x_wconf 90' lang='lat' dir='ltr'><strong>in-</strong></span> 
     </span>
     <span class='ocr_line' id='line_1_4' title="bbox 156 788 1180 895; baseline -0.003 -26"><span class='ocrx_word' id='word_1_25' title='bbox 156 788 268 871; x_wconf 73' lang='lat' dir='ltr'><strong>dosiis</strong></span> <span class='ocrx_word' id='word_1_26' title='bbox 296 796 437 893; x_wconf 91' lang='lat' dir='ltr'><strong>quidem</strong></span> <span class='ocrx_word' id='word_1_27' title='bbox 467 821 508 869; x_wconf 89' lang='lat' dir='ltr'><strong>ao</strong></span> <span class='ocrx_word' id='word_1_28' title='bbox 532 788 713 886; x_wconf 80' lang='lat' dir='ltr'><strong>tironibuS,</strong></span> <span class='ocrx_word' id='word_1_29' title='bbox 741 799 867 895; x_wconf 89' lang='lat' dir='ltr'><strong>quibus</strong></span> <span class='ocrx_word' id='word_1_30' title='bbox 888 797 1064 868; x_wconf 76' lang='lat' dir='ltr'><strong>destinatae</strong></span> <span class='ocrx_word' id='word_1_31' title='bbox 1088 793 1180 884; x_wconf 90' lang='lat' dir='ltr'><strong>sunt,</strong></span> 
     </span>
     <span class='ocr_line' id='line_1_5' title="bbox 156 907 1186 1017; baseline -0.002 -26"><span class='ocrx_word' id='word_1_32' title='bbox 156 930 296 991; x_wconf 81' lang='lat' dir='ltr'><strong>tanturn</strong></span> <span class='ocrx_word' id='word_1_33' title='bbox 313 929 485 1016; x_wconf 86' lang='lat' dir='ltr'><strong>quantum</strong></span> <span class='ocrx_word' id='word_1_34' title='bbox 502 919 608 1017; x_wconf 81' lang='lat' dir='ltr'><strong>vulgo</strong></span> <span class='ocrx_word' id='word_1_35' title='bbox 623 930 786 1017; x_wconf 80' lang='lat' dir='ltr'><strong>putatnr3</strong></span> <span class='ocrx_word' id='word_1_36' title='bbox 813 921 941 1017; x_wconf 86' lang='lat' dir='ltr'><strong>quippe</strong></span> <span class='ocrx_word' id='word_1_37' title='bbox 952 907 1042 1016; x_wconf 68' lang='lat' dir='ltr'><strong>saepe</strong></span> <span class='ocrx_word' id='word_1_38' title='bbox 1058 916 1186 990; x_wconf 76' lang='lat' dir='ltr'><strong>all&#39;enae·</strong></span> 
     </span>
     <span class='ocr_line' id='line_1_6' title="bbox 155 1030 1181 1138; baseline -0.001 -27"><span class='ocrx_word' id='word_1_39' title='bbox 155 1041 323 1128; x_wconf 88' lang='lat' dir='ltr'><strong>materiae,</strong></span> <span class='ocrx_word' id='word_1_40' title='bbox 342 1064 408 1113; x_wconf 89' lang='lat' dir='ltr'><strong>nee</strong></span> <span class='ocrx_word' id='word_1_41' title='bbox 424 1032 493 1137; x_wconf 85' lang='lat' dir='ltr'><strong>ipso</strong></span> <span class='ocrx_word' id='word_1_42' title='bbox 506 1042 672 1114; x_wconf 89' lang='lat' dir='ltr'><strong>Veterum</strong></span> <span class='ocrx_word' id='word_1_43' title='bbox 690 1042 754 1115; x_wconf 90' lang='lat' dir='ltr'><strong>usu</strong></span> <span class='ocrx_word' id='word_1_44' title='bbox 766 1030 935 1129; x_wconf 73' lang='lat' dir='ltr'><strong>collesiae,</strong></span> <span class='ocrx_word' id='word_1_45' title='bbox 949 1032 1181 1138; x_wconf 79' lang='lat' dir='ltr'><strong>ignoratione,</strong></span> 
     </span>
     <span class='ocr_line' id='line_1_7' title="bbox 157 1154 1181 1261; baseline -0.002 -27"><span class='ocrx_word' id='word_1_46' title='bbox 157 1161 246 1259; x_wconf 82' lang='lat' dir='ltr'><strong>saepe</strong></span> <span class='ocrx_word' id='word_1_47' title='bbox 270 1154 422 1256; x_wconf 87' lang='lat' dir='ltr'><strong>ejusdem</strong></span> <span class='ocrx_word' id='word_1_48' title='bbox 444 1165 703 1260; x_wconf 88' lang='lat' dir='ltr'><strong>constipatione,</strong></span> <span class='ocrx_word' id='word_1_49' title='bbox 728 1163 818 1261; x_wconf 77' lang='lat' dir='ltr'><strong>saepe</strong></span> <span class='ocrx_word' id='word_1_50' title='bbox 840 1154 933 1235; x_wconf 88' lang='lat' dir='ltr'><strong>inani</strong></span> <span class='ocrx_word' id='word_1_51' title='bbox 958 1155 1181 1258; x_wconf 68' lang='lat' dir='ltr'><strong>loquacitate,</strong></span> 
     </span>
     <span class='ocr_line' id='line_1_8' title="bbox 156 1272 1183 1383; baseline -0.002 -28"><span class='ocrx_word' id='word_1_52' title='bbox 156 1294 194 1355; x_wconf 91' lang='lat' dir='ltr'><strong>et</strong></span> <span class='ocrx_word' id='word_1_53' title='bbox 210 1272 291 1382; x_wconf 84' lang='lat' dir='ltr'><strong>ipsae</strong></span> <span class='ocrx_word' id='word_1_54' title='bbox 305 1296 457 1357; x_wconf 80' lang='lat' dir='ltr'><strong>errantes</strong></span> <span class='ocrx_word' id='word_1_55' title='bbox 480 1297 516 1358; x_wconf 91' lang='lat' dir='ltr'><strong>et</strong></span> <span class='ocrx_word' id='word_1_56' title='bbox 540 1272 733 1383; x_wconf 76' lang='lat' dir='ltr'><strong>legentibus</strong></span> <span class='ocrx_word' id='word_1_57' title='bbox 756 1308 906 1358; x_wconf 86' lang='lat' dir='ltr'><strong>errorem</strong></span> <span class='ocrx_word' id='word_1_58' title='bbox 929 1276 1183 1381; x_wconf 74' lang='lat' dir='ltr'><strong>caliginemque</strong></span> 
     </span>
     <span class='ocr_line' id='line_1_9' title="bbox 157 1396 1181 1504; baseline -0.001 -27"><span class='ocrx_word' id='word_1_59' title='bbox 157 1396 404 1490; x_wconf 53' lang='lat' dir='ltr'><strong>effundentem</strong></span> <span class='ocrx_word' id='word_1_60' title='bbox 430 1419 471 1478; x_wconf 88' lang='lat' dir='ltr'><strong>ut</strong></span> <span class='ocrx_word' id='word_1_61' title='bbox 500 1407 568 1504; x_wconf 84' lang='lat' dir='ltr'><strong>ipse</strong></span> <span class='ocrx_word' id='word_1_62' title='bbox 595 1407 731 1479; x_wconf 74' lang='lat' dir='ltr'><strong>Austor</strong></span> <span class='ocrx_word' id='word_1_63' title='bbox 760 1396 850 1479; x_wconf 89' lang='lat' dir='ltr'><strong>solus</strong></span> <span class='ocrx_word' id='word_1_64' title='bbox 875 1419 913 1479; x_wconf 94' lang='lat' dir='ltr'><strong>et</strong></span> <span class='ocrx_word' id='word_1_65' title='bbox 938 1408 1074 1478; x_wconf 89' lang='lat' dir='ltr'><strong>minore</strong></span> <span class='ocrx_word' id='word_1_66' title='bbox 1100 1428 1181 1477; x_wconf 91' lang='lat' dir='ltr'><strong>cum</strong></span> 
     </span>
     <span class='ocr_line' id='line_1_10' title="bbox 158 1515 1184 1627; baseline -0.002 -28"><span class='ocrx_word' id='word_1_67' title='bbox 158 1515 280 1600; x_wconf 84' lang='lat' dir='ltr'><strong>erroris</strong></span> <span class='ocrx_word' id='word_1_68' title='bbox 296 1529 447 1625; x_wconf 90' lang='lat' dir='ltr'><strong>periculo</strong></span> <span class='ocrx_word' id='word_1_69' title='bbox 463 1517 611 1627; x_wconf 82' lang='lat' dir='ltr'><strong>legatur,</strong></span> <span class='ocrx_word' id='word_1_70' title='bbox 628 1541 664 1600; x_wconf 91' lang='lat' dir='ltr'><strong>et</strong></span> <span class='ocrx_word' id='word_1_71' title='bbox 680 1528 814 1603; x_wconf 85' lang='lat' dir='ltr'><strong>facilins</strong></span> <span class='ocrx_word' id='word_1_72' title='bbox 834 1520 1054 1626; x_wconf 85' lang='lat' dir='ltr'><strong>intelligatur.</strong></span> <span class='ocrx_word' id='word_1_73' title='bbox 1106 1524 1184 1598; x_wconf 60' lang='lat' dir='ltr'><strong>Ness</strong></span> 
     </span>
     <span class='ocr_line' id='line_1_11' title="bbox 157 1637 1182 1748; baseline -0.004 -25"><span class='ocrx_word' id='word_1_74' title='bbox 157 1637 228 1748; x_wconf 82' lang='lat' dir='ltr'><strong>que</strong></span> <span class='ocrx_word' id='word_1_75' title='bbox 243 1674 326 1723; x_wconf 86' lang='lat' dir='ltr'><strong>vero</strong></span> <span class='ocrx_word' id='word_1_76' title='bbox 342 1651 410 1723; x_wconf 84' lang='lat' dir='ltr'><strong>hou</strong></span> <span class='ocrx_word' id='word_1_77' title='bbox 426 1652 475 1723; x_wconf 84' lang='lat' dir='ltr'><strong>ita</strong></span> <span class='ocrx_word' id='word_1_78' title='bbox 490 1643 581 1739; x_wconf 90' lang='lat' dir='ltr'><strong>dioo,</strong></span> <span class='ocrx_word' id='word_1_79' title='bbox 606 1674 647 1729; x_wconf 78' lang='lat' dir='ltr'><strong>ac,</strong></span> <span class='ocrx_word' id='word_1_80' title='bbox 667 1651 694 1723; x_wconf 81' lang='lat' dir='ltr'><strong>st</strong></span> <span class='ocrx_word' id='word_1_81' title='bbox 715 1676 838 1724; x_wconf 86' lang='lat' dir='ltr'><strong>omnes</strong></span> <span class='ocrx_word' id='word_1_82' title='bbox 853 1652 889 1723; x_wconf 88' lang='lat' dir='ltr'><strong>in</strong></span> <span class='ocrx_word' id='word_1_83' title='bbox 906 1650 1025 1722; x_wconf 86' lang='lat' dir='ltr'><strong>eadem</strong></span> <span class='ocrx_word' id='word_1_84' title='bbox 1043 1648 1182 1721; x_wconf 86' lang='lat' dir='ltr'><strong>levitate</strong></span> 
     </span>
     <span class='ocr_line' id='line_1_12' title="bbox 156 1764 1182 1869; baseline -0.005 -24"><span class='ocrx_word' id='word_1_85' title='bbox 156 1772 226 1845; x_wconf 81' lang='lat' dir='ltr'><strong>srnt</strong></span> <span class='ocrx_word' id='word_1_86' title='bbox 248 1773 416 1847; x_wconf 83' lang='lat' dir='ltr'><strong>editiones</strong></span> <span class='ocrx_word' id='word_1_87' title='bbox 439 1775 521 1845; x_wconf 81' lang='lat' dir='ltr'><strong>istae.</strong></span> <span class='ocrx_word' id='word_1_88' title='bbox 567 1764 664 1847; x_wconf 87' lang='lat' dir='ltr'><strong>¹Sunt</strong></span> <span class='ocrx_word' id='word_1_89' title='bbox 688 1768 834 1846; x_wconf 88' lang='lat' dir='ltr'><strong>omnino</strong></span> <span class='ocrx_word' id='word_1_90' title='bbox 849 1773 1012 1869; x_wconf 82' lang='lat' dir='ltr'><strong>quaedarn</strong></span> <span class='ocrx_word' id='word_1_91' title='bbox 1036 1768 1139 1842; x_wconf 77' lang='lat' dir='ltr'><strong>saetae</strong></span> <span class='ocrx_word' id='word_1_92' title='bbox 1162 1791 1182 1840; x_wconf 89' lang='lat' dir='ltr'><strong>a</strong></span> 
     </span>
     <span class='ocr_line' id='line_1_13' title="bbox 156 1892 1179 1990; baseline -0.003 -25"><span class='ocrx_word' id='word_1_93' title='bbox 156 1895 240 1966; x_wconf 80' lang='lat' dir='ltr'><strong>viris</strong></span> <span class='ocrx_word' id='word_1_94' title='bbox 254 1894 367 1965; x_wconf 69' lang='lat' dir='ltr'><strong>dusiis</strong></span> <span class='ocrx_word' id='word_1_95' title='bbox 391 1905 427 1965; x_wconf 93' lang='lat' dir='ltr'><strong>et</strong></span> <span class='ocrx_word' id='word_1_96' title='bbox 449 1895 644 1990; x_wconf 78' lang='lat' dir='ltr'><strong>ingeniosis,</strong></span> <span class='ocrx_word' id='word_1_97' title='bbox 661 1917 727 1966; x_wconf 85' lang='lat' dir='ltr'><strong>nec</strong></span> <span class='ocrx_word' id='word_1_98' title='bbox 743 1895 856 1967; x_wconf 88' lang='lat' dir='ltr'><strong>alieno</strong></span> <span class='ocrx_word' id='word_1_99' title='bbox 873 1892 1109 1989; x_wconf 75' lang='lat' dir='ltr'><strong>indigentihus</strong></span> <span class='ocrx_word' id='word_1_100' title='bbox 1124 1916 1179 1963; x_wconf 87' lang='lat' dir='ltr'><strong>or-</strong></span> 
     </span>
     <span class='ocr_line' id='line_1_14' title="bbox 159 2013 1179 2111; baseline 0 -26"><span class='ocrx_word' id='word_1_101' title='bbox 159 2026 269 2086; x_wconf 86' lang='lat' dir='ltr'><strong>natu:</strong></span> <span class='ocrx_word' id='word_1_102' title='bbox 296 2013 352 2086; x_wconf 82' lang='lat' dir='ltr'><strong>sed</strong></span> <span class='ocrx_word' id='word_1_103' title='bbox 376 2026 416 2086; x_wconf 89' lang='lat' dir='ltr'><strong>et·</strong></span> <span class='ocrx_word' id='word_1_104' title='bbox 439 2015 496 2086; x_wconf 82' lang='lat' dir='ltr'><strong>hae</strong></span> <span class='ocrx_word' id='word_1_105' title='bbox 522 2014 605 2104; x_wconf 85' lang='lat' dir='ltr'><strong>sere,</strong></span> <span class='ocrx_word' id='word_1_106' title='bbox 630 2029 672 2087; x_wconf 90' lang='lat' dir='ltr'><strong>ut</strong></span> <span class='ocrx_word' id='word_1_107' title='bbox 695 2015 851 2111; x_wconf 77' lang='lat' dir='ltr'><strong>reliqnte,</strong></span> <span class='ocrx_word' id='word_1_108' title='bbox 868 2016 918 2086; x_wconf 89' lang='lat' dir='ltr'><strong>ita</strong></span> <span class='ocrx_word' id='word_1_109' title='bbox 939 2015 1019 2086; x_wconf 90' lang='lat' dir='ltr'><strong>sunt</strong></span> <span class='ocrx_word' id='word_1_110' title='bbox 1040 2037 1179 2109; x_wconf 85' lang='lat' dir='ltr'><strong>compa·</strong></span> 
     </span>
     <span class='ocr_line' id='line_1_15' title="bbox 131 2132 1114 2234; baseline 0.006 -32"><span class='ocrx_word' id='word_1_111' title='bbox 131 2188 137 2202; x_wconf 92' lang='lat'><strong>.</strong></span> <span class='ocrx_word' id='word_1_112' title='bbox 156 2145 254 2225; x_wconf 81' lang='lat' dir='ltr'><strong>ratae,</strong></span> <span class='ocrx_word' id='word_1_113' title='bbox 273 2146 314 2207; x_wconf 87' lang='lat' dir='ltr'><strong>nt</strong></span> <span class='ocrx_word' id='word_1_114' title='bbox 329 2135 456 2208; x_wconf 87' lang='lat' dir='ltr'><strong>alienas</strong></span> <span class='ocrx_word' id='word_1_115' title='bbox 471 2160 555 2233; x_wconf 86' lang='lat' dir='ltr'><strong>opes</strong></span> <span class='ocrx_word' id='word_1_116' title='bbox 572 2161 635 2234; x_wconf 92' lang='lat' dir='ltr'><strong>pro</strong></span> <span class='ocrx_word' id='word_1_117' title='bbox 650 2135 717 2209; x_wconf 86' lang='lat' dir='ltr'><strong>suis</strong></span> <span class='ocrx_word' id='word_1_118' title='bbox 732 2137 923 2210; x_wconf 86' lang='lat' dir='ltr'><strong>venditent.</strong></span> <span class='ocrx_word' id='word_1_119' title='bbox 1110 2132 1114 2137; x_wconf 70' lang='grc'>’</span> 
     </span>
    </p>

    <p class='ocr_par' dir='ltr' id='par_1_3' title="bbox 152 2253 1183 4303">
     <span class='ocr_line' id='line_1_16' title="bbox 162 2253 1181 2355; baseline 0 -26"><span class='ocrx_word' id='word_1_120' title='bbox 162 2301 165 2305; x_wconf 93' lang='grc'><strong>-</strong></span> <span class='ocrx_word' id='word_1_121' title='bbox 217 2257 298 2330; x_wconf 83' lang='lat' dir='ltr'><strong>Jam</strong></span> <span class='ocrx_word' id='word_1_122' title='bbox 316 2258 409 2330; x_wconf 87' lang='lat' dir='ltr'><strong>dicat</strong></span> <span class='ocrx_word' id='word_1_123' title='bbox 424 2260 513 2355; x_wconf 75' lang='lat' dir='ltr'><strong>quie,</strong></span> <span class='ocrx_word' id='word_1_124' title='bbox 527 2260 588 2332; x_wconf 89' lang='lat' dir='ltr'><strong>Tu</strong></span> <span class='ocrx_word' id='word_1_125' title='bbox 605 2283 686 2331; x_wconf 87' lang='lat' dir='ltr'><strong>vero</strong></span> <span class='ocrx_word' id='word_1_126' title='bbox 702 2253 847 2332; x_wconf 89' lang='lat' dir='ltr'><strong>aliorum</strong></span> <span class='ocrx_word' id='word_1_127' title='bbox 865 2256 1096 2355; x_wconf 85' lang='lat' dir='ltr'><strong>reprehensor,</strong></span> <span class='ocrx_word' id='word_1_128' title='bbox 1113 2254 1181 2355; x_wconf 83' lang='lat' dir='ltr'><strong>qua</strong></span> 
     </span>
     <span class='ocr_line' id='line_1_17' title="bbox 158 2370 1181 2479; baseline 0 -27"><span class='ocrx_word' id='word_1_129' title='bbox 158 2378 227 2477; x_wconf 90' lang='lat' dir='ltr'><strong>ipse</strong></span> <span class='ocrx_word' id='word_1_130' title='bbox 242 2370 420 2478; x_wconf 84' lang='lat' dir='ltr'><strong>diligentia</strong></span> <span class='ocrx_word' id='word_1_131' title='bbox 436 2391 472 2452; x_wconf 91' lang='lat' dir='ltr'><strong>et</strong></span> <span class='ocrx_word' id='word_1_132' title='bbox 488 2381 654 2479; x_wconf 89' lang='lat' dir='ltr'><strong>religione</strong></span> <span class='ocrx_word' id='word_1_133' title='bbox 677 2383 886 2478; x_wconf 88' lang='lat' dir='ltr'><strong>provinciam</strong></span> <span class='ocrx_word' id='word_1_134' title='bbox 909 2381 1105 2476; x_wconf 89' lang='lat' dir='ltr'><strong>interpretis</strong></span> <span class='ocrx_word' id='word_1_135' title='bbox 1122 2379 1181 2452; x_wconf 87' lang='lat' dir='ltr'><strong>ad-</strong></span> 
     </span>
     <span class='ocr_line' id='line_1_18' title="bbox 157 2490 1180 2602; baseline -0.001 -28"><span class='ocrx_word' id='word_1_136' title='bbox 157 2490 359 2575; x_wconf 83' lang='lat' dir='ltr'><strong>ministrabis</strong></span> <span class='ocrx_word' id='word_1_137' title='bbox 374 2503 386 2575; x_wconf 81' lang='lat' dir='ltr'><strong>i</strong></span> <span class='ocrx_word' id='word_1_138' title='bbox 412 2503 586 2601; x_wconf 87' lang='lat' dir='ltr'><strong>Equidem</strong></span> <span class='ocrx_word' id='word_1_139' title='bbox 602 2517 639 2578; x_wconf 91' lang='lat' dir='ltr'><strong>et</strong></span> <span class='ocrx_word' id='word_1_140' title='bbox 656 2505 781 2602; x_wconf 89' lang='lat' dir='ltr'><strong>partim</strong></span> <span class='ocrx_word' id='word_1_141' title='bbox 800 2503 882 2591; x_wconf 82' lang='lat' dir='ltr'><strong>dixi,</strong></span> <span class='ocrx_word' id='word_1_142' title='bbox 900 2514 937 2574; x_wconf 87' lang='lat' dir='ltr'><strong>et</strong></span> <span class='ocrx_word' id='word_1_143' title='bbox 952 2501 1068 2574; x_wconf 84' lang='lat' dir='ltr'><strong>dicam</strong></span> <span class='ocrx_word' id='word_1_144' title='bbox 1086 2501 1180 2599; x_wconf 92' lang='lat' dir='ltr'><strong>quod</strong></span> 
     </span>
     <span class='ocr_line' id='line_1_19' title="bbox 158 2623 1181 2722; baseline -0.002 -26"><span class='ocrx_word' id='word_1_145' title='bbox 158 2623 327 2721; x_wconf 86' lang='lat' dir='ltr'><strong>superest:</strong></span> <span class='ocrx_word' id='word_1_146' title='bbox 354 2623 410 2697; x_wconf 89' lang='lat' dir='ltr'><strong>sed</strong></span> <span class='ocrx_word' id='word_1_147' title='bbox 433 2626 545 2697; x_wconf 87' lang='lat' dir='ltr'><strong>dicam</strong></span> <span class='ocrx_word' id='word_1_148' title='bbox 571 2627 615 2697; x_wconf 94' lang='lat' dir='ltr'><strong>ad</strong></span> <span class='ocrx_word' id='word_1_149' title='bbox 639 2650 760 2722; x_wconf 77' lang='lat' dir='ltr'><strong>aequos</strong></span> <span class='ocrx_word' id='word_1_150' title='bbox 784 2625 859 2697; x_wconf 89' lang='lat' dir='ltr'><strong>illos</strong></span> <span class='ocrx_word' id='word_1_151' title='bbox 884 2623 1181 2721; x_wconf 86' lang='lat' dir='ltr'><strong>intelligentesque</strong></span> 
     </span>
     <span class='ocr_line' id='line_1_20' title="bbox 157 2735 1181 2842; baseline 0.004 -27"><span class='ocrx_word' id='word_1_152' title='bbox 157 2735 315 2833; x_wconf 73' lang='lat' dir='ltr'><strong>ledio&#39;res,</strong></span> <span class='ocrx_word' id='word_1_153' title='bbox 346 2770 433 2842; x_wconf 90' lang='lat' dir='ltr'><strong>quos</strong></span> <span class='ocrx_word' id='word_1_154' title='bbox 461 2747 547 2819; x_wconf 90' lang='lat' dir='ltr'><strong>mihi</strong></span> <span class='ocrx_word' id='word_1_155' title='bbox 581 2747 824 2820; x_wconf 84' lang='lat' dir='ltr'><strong>administratae</strong></span> <span class='ocrx_word' id='word_1_156' title='bbox 857 2747 963 2841; x_wconf 90' lang='lat' dir='ltr'><strong>hujus</strong></span> <span class='ocrx_word' id='word_1_157' title='bbox 995 2747 1181 2841; x_wconf 76' lang='lat' dir='ltr'><strong>provinciae</strong></span> 
     </span>
     <span class='ocr_line' id='line_1_21' title="bbox 152 2865 1180 2967; baseline 0.002 -29"><span class='ocrx_word' id='word_1_158' title='bbox 152 2865 290 2960; x_wconf 78' lang='lat' dir='ltr'><strong>judiees</strong></span> <span class='ocrx_word' id='word_1_159' title='bbox 315 2868 495 2965; x_wconf 89' lang='lat' dir='ltr'><strong>obtingere</strong></span> <span class='ocrx_word' id='word_1_160' title='bbox 518 2882 624 2967; x_wconf 89' lang='lat' dir='ltr'><strong>opto:</strong></span> <span class='ocrx_word' id='word_1_161' title='bbox 650 2882 685 2941; x_wconf 90' lang='lat' dir='ltr'><strong>et</strong></span> <span class='ocrx_word' id='word_1_162' title='bbox 708 2870 819 2941; x_wconf 88' lang='lat' dir='ltr'><strong>dicam</strong></span> <span class='ocrx_word' id='word_1_163' title='bbox 842 2894 924 2940; x_wconf 90' lang='lat' dir='ltr'><strong>cum</strong></span> <span class='ocrx_word' id='word_1_164' title='bbox 947 2867 991 2939; x_wconf 92' lang='lat' dir='ltr'><strong>de</strong></span> <span class='ocrx_word' id='word_1_165' title='bbox 1014 2890 1084 2955; x_wconf 91' lang='lat' dir='ltr'><strong>me,</strong></span> <span class='ocrx_word' id='word_1_166' title='bbox 1103 2881 1180 2940; x_wconf 90' lang='lat' dir='ltr'><strong>tum</strong></span> 
     </span>
     <span class='ocr_line' id='line_1_22' title="bbox 157 2985 1181 3087; baseline 0.003 -30"><span class='ocrx_word' id='word_1_167' title='bbox 157 2985 202 3058; x_wconf 94' lang='lat' dir='ltr'><strong>de</strong></span> <span class='ocrx_word' id='word_1_168' title='bbox 229 2986 456 3062; x_wconf 82' lang='lat' dir='ltr'><strong>decessoribus</strong></span> <span class='ocrx_word' id='word_1_169' title='bbox 481 3016 522 3063; x_wconf 90' lang='lat' dir='ltr'><strong>ac</strong></span> <span class='ocrx_word' id='word_1_170' title='bbox 549 2991 792 3064; x_wconf 79' lang='lat' dir='ltr'><strong>suecessoribus</strong></span> <span class='ocrx_word' id='word_1_171' title='bbox 821 2992 918 3062; x_wconf 89' lang='lat' dir='ltr'><strong>meis.</strong></span> <span class='ocrx_word' id='word_1_172' title='bbox 968 2985 1040 3061; x_wconf 83' lang='lat' dir='ltr'><strong>Vos</strong></span> <span class='ocrx_word' id='word_1_173' title='bbox 1073 2990 1181 3087; x_wconf 90' lang='lat' dir='ltr'><strong>igitur</strong></span> 
     </span>
     <span class='ocr_line' id='line_1_23' title="bbox 158 3104 1181 3210; baseline 0.005 -31"><span class='ocrx_word' id='word_1_174' title='bbox 158 3104 304 3205; x_wconf 85' lang='lat' dir='ltr'><strong>appello,</strong></span> <span class='ocrx_word' id='word_1_175' title='bbox 331 3111 423 3208; x_wconf 80' lang='lat' dir='ltr'><strong>aequi</strong></span> <span class='ocrx_word' id='word_1_176' title='bbox 447 3112 744 3210; x_wconf 87' lang='lat' dir='ltr'><strong>intelligentesque</strong></span> <span class='ocrx_word' id='word_1_177' title='bbox 763 3113 923 3209; x_wconf 78' lang='lat' dir='ltr'><strong>judiees!</strong></span> <span class='ocrx_word' id='word_1_178' title='bbox 949 3109 1022 3181; x_wconf 85' lang='lat' dir='ltr'><strong>Vos</strong></span> <span class='ocrx_word' id='word_1_179' title='bbox 1042 3108 1181 3184; x_wconf 81' lang='lat' dir='ltr'><strong>obsecro</strong></span> 
     </span>
     <span class='ocr_line' id='line_1_24' title="bbox 157 3232 1180 3330; baseline 0.004 -29"><span class='ocrx_word' id='word_1_180' title='bbox 157 3243 201 3302; x_wconf 89' lang='lat' dir='ltr'><strong>ut</strong></span> <span class='ocrx_word' id='word_1_181' title='bbox 221 3232 306 3303; x_wconf 88' lang='lat' dir='ltr'><strong>mihi</strong></span> <span class='ocrx_word' id='word_1_182' title='bbox 330 3233 522 3329; x_wconf 78' lang='lat' dir='ltr'><strong>ignoscatis,</strong></span> <span class='ocrx_word' id='word_1_183' title='bbox 545 3235 570 3306; x_wconf 84' lang='lat' dir='ltr'><strong>sr</strong></span> <span class='ocrx_word' id='word_1_184' title='bbox 594 3235 679 3330; x_wconf 93' lang='lat' dir='ltr'><strong>quid</strong></span> <span class='ocrx_word' id='word_1_185' title='bbox 703 3259 870 3324; x_wconf 87' lang='lat' dir='ltr'><strong>erravero,</strong></span> <span class='ocrx_word' id='word_1_186' title='bbox 894 3233 947 3306; x_wconf 88' lang='lat' dir='ltr'><strong>vel</strong></span> <span class='ocrx_word' id='word_1_187' title='bbox 973 3235 1180 3329; x_wconf 85' lang='lat' dir='ltr'><strong>ignorantia,</strong></span> 
     </span>
     <span class='ocr_line' id='line_1_25' title="bbox 157 3350 1182 3453; baseline 0.002 -28"><span class='ocrx_word' id='word_1_188' title='bbox 157 3350 211 3425; x_wconf 90' lang='lat' dir='ltr'><strong>vel</strong></span> <span class='ocrx_word' id='word_1_189' title='bbox 229 3353 449 3453; x_wconf 84' lang='lat' dir='ltr'><strong>negligentia,</strong></span> <span class='ocrx_word' id='word_1_190' title='bbox 467 3356 521 3428; x_wconf 87' lang='lat' dir='ltr'><strong>vel</strong></span> <span class='ocrx_word' id='word_1_191' title='bbox 538 3356 728 3428; x_wconf 84' lang='lat' dir='ltr'><strong>oblivione:</strong></span> <span class='ocrx_word' id='word_1_192' title='bbox 752 3356 777 3427; x_wconf 83' lang='lat' dir='ltr'><strong>sr</strong></span> <span class='ocrx_word' id='word_1_193' title='bbox 795 3354 910 3429; x_wconf 88' lang='lat' dir='ltr'><strong>minus</strong></span> <span class='ocrx_word' id='word_1_194' title='bbox 926 3378 1031 3453; x_wconf 86' lang='lat' dir='ltr'><strong>quam</strong></span> <span class='ocrx_word' id='word_1_195' title='bbox 1048 3380 1112 3450; x_wconf 92' lang='lat' dir='ltr'><strong>pro</strong></span> <span class='ocrx_word' id='word_1_196' title='bbox 1129 3365 1182 3427; x_wconf 92' lang='lat' dir='ltr'><strong>tot</strong></span> 
     </span>
     <span class='ocr_line' id='line_1_26' title="bbox 157 3472 1181 3576; baseline 0.005 -33"><span class='ocrx_word' id='word_1_197' title='bbox 157 3497 328 3547; x_wconf 91' lang='lat' dir='ltr'><strong>annorum</strong></span> <span class='ocrx_word' id='word_1_198' title='bbox 352 3478 608 3575; x_wconf 72' lang='lat' dir='ltr'><strong>exspesiatione</strong></span> <span class='ocrx_word' id='word_1_199' title='bbox 631 3477 801 3550; x_wconf 75' lang='lat' dir='ltr'><strong>dostrinae</strong></span> <span class='ocrx_word' id='word_1_200' title='bbox 815 3472 1067 3576; x_wconf 83' lang='lat' dir='ltr'><strong>oopiarumque</strong></span> <span class='ocrx_word' id='word_1_201' title='bbox 1088 3485 1181 3549; x_wconf 84' lang='lat' dir='ltr'><strong>attu-</strong></span> 
     </span>
     <span class='ocr_line' id='line_1_27' title="bbox 159 3592 1181 3694; baseline 0.007 -30"><span class='ocrx_word' id='word_1_202' title='bbox 159 3593 242 3666; x_wconf 86' lang='lat' dir='ltr'><strong>lem.</strong></span> <span class='ocrx_word' id='word_1_203' title='bbox 292 3597 501 3694; x_wconf 89' lang='lat' dir='ltr'><strong>Legentium</strong></span> <span class='ocrx_word' id='word_1_204' title='bbox 531 3592 650 3672; x_wconf 88' lang='lat' dir='ltr'><strong>studiis</strong></span> <span class='ocrx_word' id='word_1_205' title='bbox 679 3602 728 3672; x_wconf 84' lang='lat' dir='ltr'><strong>ita</strong></span> <span class='ocrx_word' id='word_1_206' title='bbox 758 3599 947 3687; x_wconf 85' lang='lat' dir='ltr'><strong>consulam,</strong></span> <span class='ocrx_word' id='word_1_207' title='bbox 974 3610 1016 3670; x_wconf 90' lang='lat' dir='ltr'><strong>ut</strong></span> <span class='ocrx_word' id='word_1_208' title='bbox 1040 3594 1181 3671; x_wconf 83' lang='lat' dir='ltr'><strong>nullum</strong></span> 
     </span>
     <span class='ocr_line' id='line_1_28' title="bbox 158 3714 1183 3816; baseline 0.004 -28"><span class='ocrx_word' id='word_1_209' title='bbox 158 3738 231 3788; x_wconf 91' lang='lat' dir='ltr'><strong>non</strong></span> <span class='ocrx_word' id='word_1_210' title='bbox 265 3714 381 3788; x_wconf 86' lang='lat' dir='ltr'><strong>locum</strong></span> <span class='ocrx_word' id='word_1_211' title='bbox 412 3719 586 3792; x_wconf 87' lang='lat' dir='ltr'><strong>difficilem</strong></span> <span class='ocrx_word' id='word_1_212' title='bbox 616 3722 841 3794; x_wconf 89' lang='lat' dir='ltr'><strong>obscurumve</strong></span> <span class='ocrx_word' id='word_1_213' title='bbox 868 3721 922 3791; x_wconf 81' lang='lat' dir='ltr'><strong>vel</strong></span> <span class='ocrx_word' id='word_1_214' title='bbox 951 3715 1130 3816; x_wconf 82' lang='lat' dir='ltr'><strong>expediam</strong></span> <span class='ocrx_word' id='word_1_215' title='bbox 1158 3720 1183 3792; x_wconf 85' lang='lat' dir='ltr'><strong>sr</strong></span> 
     </span>
     <span class='ocr_line' id='line_1_29' title="bbox 158 3839 1182 3938; baseline 0.002 -28"><span class='ocrx_word' id='word_1_216' title='bbox 158 3851 292 3935; x_wconf 88' lang='lat' dir='ltr'><strong>potero,</strong></span> <span class='ocrx_word' id='word_1_217' title='bbox 322 3852 384 3910; x_wconf 89' lang='lat' dir='ltr'><strong>aut</strong></span> <span class='ocrx_word' id='word_1_218' title='bbox 407 3839 457 3911; x_wconf 87' lang='lat' dir='ltr'><strong>sm</strong></span> <span class='ocrx_word' id='word_1_219' title='bbox 484 3842 601 3913; x_wconf 75' lang='lat' dir='ltr'><strong>mitius</strong></span> <span class='ocrx_word' id='word_1_220' title='bbox 625 3855 758 3938; x_wconf 83' lang='lat' dir='ltr'><strong>potera,</strong></span> <span class='ocrx_word' id='word_1_221' title='bbox 782 3841 1023 3913; x_wconf 87' lang='lat' dir='ltr'><strong>difficultatem</strong></span> <span class='ocrx_word' id='word_1_222' title='bbox 1048 3852 1182 3929; x_wconf 90' lang='lat' dir='ltr'><strong>notem,</strong></span> 
     </span>
     <span class='ocr_line' id='line_1_30' title="bbox 160 3956 1182 4060; baseline 0.004 -30"><span class='ocrx_word' id='word_1_223' title='bbox 160 3956 345 4056; x_wconf 83' lang='lat' dir='ltr'><strong>meamque</strong></span> <span class='ocrx_word' id='word_1_224' title='bbox 361 3961 429 4058; x_wconf 88' lang='lat' dir='ltr'><strong>ipse</strong></span> <span class='ocrx_word' id='word_1_225' title='bbox 445 3964 673 4060; x_wconf 88' lang='lat' dir='ltr'><strong>ignorantiam</strong></span> <span class='ocrx_word' id='word_1_226' title='bbox 692 3989 763 4036; x_wconf 91' lang='lat' dir='ltr'><strong>non</strong></span> <span class='ocrx_word' id='word_1_227' title='bbox 782 3962 1003 4035; x_wconf 76' lang='lat' dir='ltr'><strong>dissimulem.</strong></span> <span class='ocrx_word' id='word_1_228' title='bbox 1050 3956 1182 4034; x_wconf 85' lang='lat' dir='ltr'><strong>Deces-</strong></span> 
     </span>
     <span class='ocr_line' id='line_1_31' title="bbox 159 4079 1181 4182; baseline 0.007 -33"><span class='ocrx_word' id='word_1_229' title='bbox 159 4079 288 4153; x_wconf 87' lang='lat' dir='ltr'><strong>soribus</strong></span> <span class='ocrx_word' id='word_1_230' title='bbox 309 4083 395 4154; x_wconf 89' lang='lat' dir='ltr'><strong>meis</strong></span> <span class='ocrx_word' id='word_1_231' title='bbox 418 4083 612 4180; x_wconf 85' lang='lat' dir='ltr'><strong>Xylandro,</strong></span> <span class='ocrx_word' id='word_1_232' title='bbox 636 4085 825 4182; x_wconf 90' lang='lat' dir='ltr'><strong>Stephano,</strong></span> <span class='ocrx_word' id='word_1_233' title='bbox 850 4084 935 4171; x_wconf 85' lang='lat' dir='ltr'><strong>aliia,</strong></span> <span class='ocrx_word' id='word_1_234' title='bbox 959 4085 1017 4156; x_wconf 91' lang='lat' dir='ltr'><strong>sua</strong></span> <span class='ocrx_word' id='word_1_235' title='bbox 1038 4107 1105 4156; x_wconf 89' lang='lat' dir='ltr'><strong>nec</strong></span> <span class='ocrx_word' id='word_1_236' title='bbox 1121 4085 1181 4156; x_wconf 89' lang='lat' dir='ltr'><strong>de-</strong></span> 
     </span>
     <span class='ocr_line' id='line_1_32' title="bbox 159 4199 1180 4303; baseline 0.002 -30"><span class='ocrx_word' id='word_1_237' title='bbox 159 4199 293 4275; x_wconf 81' lang='lat' dir='ltr'><strong>traham</strong></span> <span class='ocrx_word' id='word_1_238' title='bbox 320 4205 410 4278; x_wconf 89' lang='lat' dir='ltr'><strong>bene</strong></span> <span class='ocrx_word' id='word_1_239' title='bbox 432 4205 524 4278; x_wconf 75' lang='lat' dir='ltr'><strong>fasta</strong></span> <span class='ocrx_word' id='word_1_240' title='bbox 546 4208 767 4303; x_wconf 86' lang='lat' dir='ltr'><strong>inventaque,</strong></span> <span class='ocrx_word' id='word_1_241' title='bbox 789 4231 856 4280; x_wconf 90' lang='lat' dir='ltr'><strong>nec</strong></span> <span class='ocrx_word' id='word_1_242' title='bbox 877 4205 963 4280; x_wconf 89' lang='lat' dir='ltr'><strong>mihi</strong></span> <span class='ocrx_word' id='word_1_243' title='bbox 986 4204 1180 4284; x_wconf 80' lang='lat' dir='ltr'><strong>vindicabo.</strong></span> 
     </span>
    </p>
   </div>
   <div class='ocr_carea' id='block_1_3' title="bbox 0 0 1347 5258">
    <p class='ocr_par' dir='ltr' id='par_1_4' title="bbox 0 0 1347 5258">
     <span class='ocr_line' id='line_1_33' title="bbox 0 0 1347 5258; baseline 0 0"><span class='ocrx_word' id='word_1_244' title='bbox 0 0 1347 5258; x_wconf 95' lang='lat' dir='ltr'><strong> </strong></span> 
     </span>
    </p>
   </div>
  </div>
 </body>
</html>
