2684 5258
162 363 221 423 164
299 361 337 420 D.
351 359 404 419 W.
423 357 630 420 amuauv.
650 358 698 419 IN
718 354 951 419 Putrraucm
970 356 1052 418 ms.

163 520 253 588 ediis
271 544 401 611 pravum
414 521 577 589 eonsilium
597 535 631 587 et
653 520 774 586 facinus
796 519 953 607 probabili
976 516 1109 584 oration

162 626 340 705 excusatur,
354 624 402 717 vel
416 624 670 703 commendatur,
693 616 741 687 ut'
751 622 837 709 apud
858 621 1051 709 Euripidem
1069 620 1110 685 ab

163 726 236 791 lena
257 736 291 790 et
314 725 456 791 Phtedra.
499 726 571 790 Nec
595 727 692 789 Poeta
709 723 800 788 suum
821 721 1003 809 interponit
1017 719 1109 807 judic

164 829 277 911 Itaque
291 848 349 890 nos
364 829 501 891 nostrum
516 825 569 911 ipfi
578 824 738 911 judicium
751 844 912 910 apponere
925 821 1099 902 debemus,

162 927 247 992 rasta
259 925 400 1006 laudare,
414 927 496 991 male
511 926 594 991 fabia
607 926 793 1011 vituperare.
1096 966 1099 971 -

207 1027 267 1090 tx.
295 1027 406 1112 Atque
427 1026 483 1091 ubi
502 1025 578 1091 dieti
595 1025 728 1114 alicujus
749 1026 880 1090 obscura
898 1026 942 1090 est
964 1025 1048 1090 ratio
1066 1045 1109 1089 ns

162 1127 242 1192 serte
255 1124 385 1206 addita,
408 1149 478 1192 eam
500 1127 554 1214 ipfi
576 1149 717 1212 quaerere
739 1126 911 1207 debemus3
939 1125 1109 1191 habebit-n

163 1250 250 1309 nem,
273 1229 293 1292 fi
315 1251 424 1293 verum
448 1229 511 1308 est3
546 1229 566 1292 si
596 1251 674 1309 non,
702 1250 766 1293 nou
789 1227 953 1315 apparebit
975 1227 1078 1292 ratio:
1103 1248 1109 1283 t

162 1326 424 1418 gmtiupdibtuns
445 1331 488 1395 est
508 1330 650 1417 Tragici:
688 1330 797 1393 Aninio
817 1331 870 1415 effe
893 1342 993 1415 parvo
1015 1325 1109 1392 cala.

163 1432 311 1497 eosvenit.
344 1430 400 1496 Ad
414 1430 476 1496 hoc
491 1430 592 1495 statim
607 1430 818 1518 subjiciamus,
837 1430 901 1494 Cur
913 1428 1097 1515 calamitosus

164 1557 204 1599 vo
228 1536 280 1620 effic
301 1533 397 1598 animo
421 1533 534 1596 debet?
561 1533 623 1597 Cur
642 1556 700 1596 non
721 1533 815 1618 potius
835 1555 943 1618 magno
963 1531 1109 1617 animus

12 1650 25 1673 '
164 1636 306 1722 adversus
316 1635 459 1721 fhrtunae
477 1634 660 1723 iniquitatem
682 1633 802 1718 erigat*
827 1632 878 1696 lta
895 1630 951 1716 qui
973 1629 1108 1696 occurrit

165 1736 250 1824 gulis
264 1735 368 1815 distis,
384 1757 449 1801 non
462 1735 554 1801 facile
567 1734 753 1821 decipiatur,
775 1753 835 1796 nec
852 1729 958 1818 decipi
975 1732 1007 1797 se
1021 1732 1109 1796 fiuat.

166 1849 209 1900 tae
223 1835 424 1900 austeritate.

210 1937 253 1999 x.
283 1934 397 1998 sesua
411 1934 444 1998 in
458 1933 520 1999 vite
534 1957 594 1998 uva
608 1933 686 1998 rates
700 1933 756 1998 sur>
771 1912 978 2012 foliis‚'itain
994 1933 1109 1999 roasa

164 2037 251 2104 bona
271 2034 399 2098 occulta
417 2033 530 2119 jacent
553 2034 762 2099 subornatus
789 2056 826 2099 ac
852 2033 1002 2099 ditlionis
1028 2054 1109 2121 appa

165 2134 350 2221 Cognoscat
361 2131 500 2220 juvenis,
515 2157 596 2220 quos
610 2134 702 2199 bonis
723 2135 865 2200 moribus
879 2133 1033 2220 praeditos
1049 2136 1109 2201 bou

164 2234 296 2301 inducat
317 2236 424 2316 Poeta,
438 2228 518 2322 quos
532 2236 640 2300 malis:
664 2258 705 2301 an
719 2237 859 2329 utrisque
872 2237 1109 2303 convenienter·

165 2338 312 2427 fastuque
340 2338 470 2404 tribuat.
519 2341 800 2427 Agamemnonem
828 2339 1079 2424 reprehendunt,
1105 2363 1109 2383 ¹

144 2436 263 2507 'modo
277 2454 311 2505 et
324 2454 480 2528 ternpore,
495 2440 557 2505 suis
571 2440 711 2505 moribus
725 2441 856 2527 quisque
875 2441 1099 2506 convenienter

165 2543 280 2610 chilles
292 2543 417 2621 acerbe,
432 2541 484 2608 sed
498 2564 585 2607 vere:
609 2541 764 2607 Thersites
779 2564 857 2605 vane
872 2555 906 2606 et
924 2541 1037 2607 stulter
1060 2542 1109 2608 Dii

164 2646 222 2711 des
239 2644 440 2731 tempestivae
470 2643 606 2708 Calchas
627 2642 856 2728 intempestive:
880 2644 1109 2732 Nestor.oppor

165 2761 200 2810 et
216 2745 409 2832 pmdenter:
433 2742 594 2823 eumdem,
610 2744 902 2831 reprehendentem
915 2745 1007 2826 alios,
1023 2746 1109 2812 Dion

159 2867 241 2913 eum
263 2843 435 2909 reverentia
452 2855 487 2907 et
509 2843 630 2908 filentio
653 2844 726 2923 fert,
747 2842 918 2910 Sthenelus
939 2846 1108 2913 Diomedis

165 2945 301 3034 gloriose
326 2944 482 3031 increpat,
505 2944 629 3032 Ulyties
651 2968 727 3041 curn
748 2946 795 3009 ira
815 2945 985 3032 objurgat:
1013 2946 1109 3035 ipses

166 3047 275 3114 uelum
289 3045 410 3113 silentio
423 3044 556 3133 spernit:
581 3047 723 3132 Ulyssem
738 3046 869 3110 laudans
880 3060 913 3111 et
923 3046 1009 3113 dieta
1023 3061 1109 3115 retm

155 3150 292 3238 placare
305 3147 418 3213 studet.
442 3146 532 3212 lderu
547 3146 712 3212 discrimen
725 3146 1042 3214 animadvertendum
1056 3150 1109 3216 int

155 3253 213 3318 cis
227 3264 261 3316 et
273 3247 436 3337 Troianis:
460 3248 565 3314 Graeci
579 3248 731 3313 incedunt
745 3247 867 3327 ordine,
883 3248 1005 3315 fitentio
1018 3243 1109 3317 reveri

166 3355 238 3422 suos
253 3353 372 3419 duces:
397 3349 526 3438 Trojaui
547 3372 623 3414 cum
643 3349 793 3436 clangore
812 3364 845 3414 et
859 3350 996 3415 semeia:
1020 3373 1109 3439 prom

167 3478 223 3521 nes
237 3452 374 3522 Dolonis
396 3451 526 3531 stolidae,
541 3449 708 3516 Diomedis
722 3449 887 3515 modesta:
910 3451 943 3516 in
958 3452 1108 3539 singulari

166 3556 286 3621 tamine
301 3553 450 3621 Hedtoris
464 3552 584 3640 pavitat
598 3575 665 3632 cor,
678 3551 889 3638 Trojanorum
908 3576 1017 3639 genua
1035 3554 1109 3622 subit

165 3676 249 3733 mor,
262 3653 371 3739 Ajacis
388 3655 513 3719 animus
529 3652 720 3718 couscientia
740 3652 864 3717 virtutis
878 3669 912 3717 et
926 3656 1109 3742 tranquillus

160 3753 317 3846 judlantis
337 3753 469 3818 alienus.
512 3752 641 3839 Trojani
657 3754 751 3818 multi
768 3755 854 3842 capti
871 3768 905 3819 et
924 3755 990 3841 ipse
1011 3759 1109 3825 Heu<

156 3874 235 3925 -tam
253 3854 410 3941 supplices
436 3875 456 3918 a
479 3852 649 3918 victoribus
666 3855 901 3940 expetiverunt:
926 3858 1109 3926 Graecorum

166 3985 238 4028 mor
262 3972 300 4023 ut
313 3955 509 4042 intelligatur
522 3956 721 4022 barbaricum
735 3957 795 4022 esse
809 3957 840 4022 in
856 3981 967 4046 pugna
981 3960 1064 4026 hosti
1076 3960 1105 4027 se

166 4064 293 4128 mittere
320 4068 355 4124 et
382 4055 568 4145 supplicare,
597 4059 746 4124 Graecum
782 4061 957 4148 pugnando
984 4062 1108 4130 vincere

165 4183 259 4225 mon.

144 4306 148 4312 -
207 4260 268 4326 XI.
291 4261 334 4327 Et
347 4271 384 4326 ut
397 4280 437 4326 ex
448 4257 569 4347 pascuis
583 4261 653 4347 apis
666 4261 787 4343 florem,
803 4285 898 4353 capra
910 4265 1054 4350 frondes,
1070 4267 1109 4332 su

363 4518 535 4600 fla
