2684 5258
840 454 843 472 l

256 570 262 591 ἱ

529 1215 578 1287 D.
587 1214 654 1287 W.

80 1390 417 1516 PRAEFATIO
444 1431 1103 1563 Auiusuvuusmuuuj

572 1690 615 1737 IN

408 1886 785 1984 PLUTARCHI

315 2127 523 2204 OPERA
559 2127 870 2201 MORALIA.

468 2398 701 2457 ·.···'······

72 2597 190 2700 JAM
217 2624 263 2695 ad
294 2625 619 2719 Interpretationem
639 2626 810 2698 venimus.
851 2592 969 2698 'Nam
995 2653 1107 2724 quum

75 2749 278 2844 complures
295 2747 398 2841 hujus
420 2747 534 2842 operis
557 2758 670 2842 partes
694 2748 949 2843 provinciaeque
966 2749 1045 2837 sint,
1064 2752 1111 2821 ita

76 2873 245 2965 deinceps
263 2893 451 2965 quamque,
471 2869 604 2940 caeteris
629 2870 768 2941 interim
793 2869 955 2965 sepositis,
974 2871 1109 2967 suscipi-

77 3019 162 3065 mus
188 3006 296 3087 atque
320 2990 536 3078 absolvimus,
564 3002 604 3062 ut
632 2991 701 3087 ipsa
723 3015 874 3087 quaeque
898 2993 1037 3085 majoris
1061 2994 1110 3064 est

78 3117 269 3200 momenti,
294 3113 475 3208 minusque
498 3138 519 3183 a
541 3112 739 3201 successore,
756 3112 782 3184 s1
798 3113 884 3209 quid
900 3114 1001 3185 nobis
1019 3115 1110 3186 acci·

75 3239 154 3325 dat,
180 3237 307 3331 expleri
332 3235 521 3331 perficique
544 3237 666 3332 potest.
712 3236 826 3333 Igitur
842 3237 993 3331 primum
1012 3235 1110 3308 dedi-

79 3383 165 3430 mus
182 3358 299 3429 locum
318 3357 575 3445 Emendationi,
593 3382 675 3452 quae
693 3383 774 3429 cum
799 3358 927 3429 Graeco
943 3370 1110 3432 contextu

78 3497 118 3552 et
136 3482 264 3552 Latina
280 3479 432 3551 versione
448 3480 617 3575 prioribus
634 3480 768 3575 prodita
790 3481 837 3552 est
861 3480 1110 3553 voluminibus.

80 3585 197 3674 Nunc
213 3602 258 3674 ad
273 3602 461 3676 secundum
478 3603 676 3674 accedimus
700 3602 831 3689 locum,
857 3604 913 3673 cui
936 3604 1112 3698 Interpre-

83 3726 173 3795 totio
197 3724 366 3822 proposita
390 3727 450 3796 est.
490 3725 633 3796 Tertius
658 3737 695 3796 et
719 3724 841 3821 reliqui
866 3724 931 3796 loci
956 3725 1110 3820 comple·

81 3847 226 3918 &entur
250 3847 369 3919 Varias
393 3847 589 3934 leolionm,
615 3846 896 3943 Disputationem
921 3846 1054 3916 devita
1076 3858 1113 3919 et

83 3970 214 4064 scriptis
236 3968 425 4056 Plutarchi,
451 3969 586 4041 Indices
610 3969 823 4054 Audiorum,
843 3968 990 4056 Rerum,
1008 3968 1111 4041 Grae·

81 4116 207 4162 corum
224 4091 422 4181 verborum,
439 4091 814 4163 Animadverlionum:
841 4092 901 4186 qui
925 4090 991 4164 loci
1011 4092 1112 4165 vacui

83 4239 105 4284 a
122 4238 180 4284 me
197 4214 406 4304 inchoativo,
432 4214 458 4285 fi
482 4212 585 4301 sorte,
604 4213 724 4302 relidi,
742 4214 859 4287 minus
876 4213 919 4283 ad
935 4212 1112 4284 absolven-

84 4335 170 4406 dum
196 4335 411 4407 difficultatis
435 4336 617 4408 habebunt
643 4335 846 4418 successoris
872 4348 965 4406 certe
980 4356 1113 4406 nunca

86 4482 144 4527 me
160 4458 196 4527 in
212 4458 321 4529 finem
338 4459 448 4552 operis
468 4458 645 4552 rejiciendi
669 4458 759 4545 sunt,
778 4455 917 4553 quando
937 4481 1010 4530 non
1034 4480 1111 4529 om·

87 4580 146 4651 nia
162 4578 263 4650 simul
280 4604 383 4677 agere
398 4581 590 4675 possumus.

152 4723 238 4772 ror..
259 4726 311 4773 vr.
584 4726 604 4773 u
