2684 5258
277 307 320 424 ⁵12
395 416 398 424 .
478 353 1098 427 comarumcomarum.

278 542 439 631 inclusus,
468 543 516 613 ita
536 540 585 611 sui
605 538 673 636 ipse
696 542 877 638 imperium
900 530 1067 631 obtinuit,
1087 553 1128 615 ut
1144 539 1222 616 suas
1241 543 1302 619 fibi

277 663 456 737 facultates
472 662 602 760 semper
617 661 712 736 <noo
728 663 928 736 obedientes
951 664 1104 752 haberet,
1123 666 1249 763 easque
1265 671 1302 742 in

268 789 370 862 redte
392 795 559 883 perpetuo
582 787 637 857 via
659 788 865 858 contineret.
914 787 964 858 Et
988 785 1087 858 Plato
1103 787 1197 861 illam
1214 815 1301 863 con-

273 910 433 984 stantiam
457 908 534 980 solis
556 907 714 979 Deorum
737 909 892 980 curribus
909 909 1043 980 tribuit.
1092 909 1204 984 Meus
1221 915 1302 1009 qui-

272 1033 356 1104 dem
372 1053 491 1104 currus
507 1031 555 1100 ita
570 1040 788 1125 comparatus
804 1031 863 1118 cst,
881 1042 923 1102 ut
938 1031 1058 1127 auriga
1073 1042 1110 1104 et
1125 1033 1246 1135 vigilet
1262 1048 1301 1109 et

273 1165 370 1252 regat
389 1152 503 1250 quoad
518 1154 593 1245 ejus
615 1152 688 1224 fieri
704 1153 826 1248 potest,
843 1154 943 1248 eique
959 1152 1178 1251 obtemperet
1193 1155 1300 1230 servi·

272 1276 340 1348 dus
364 1299 496 1373 oquus3
523 1286 559 1345 at
584 1275 681 1372 piger
705 1274 818 1370 cquue
842 1286 1012 1370 perpetuo
1031 1278 1192 1375 conjugis
1214 1283 1298 1376 equi

271 1398 481 1471 alacritatem
499 1396 660 1483 retardet,
683 1408 720 1467 et
742 1397 786 1467 ab
807 1397 926 1493 auriga
941 1399 1195 1495 necquicquam
1211 1426 1300 1475 voce

270 1519 483 1616 stimulisque
494 1520 675 1591 excitetur.
719 1519 837 1614 Atque
853 1518 1049 1613 hujusmodi
1065 1520 1167 1617 plane
1184 1522 1298 1619 plero-

271 1667 433 1743 rumque,
457 1642 661 1739 quibuscum
686 1641 778 1739 degi,
804 1641 988 1713 hominum
1019 1645 1203 1741 negotium
1234 1672 1299 1719 co·

268 1767 388 1865 gnovi.
427 1765 537 1838 Unus
550 1763 686 1855 sortasse
701 1776 737 1835 et
754 1763 840 1835 alter
856 1787 899 1835 ex
915 1789 994 1837 raro
1007 1757 1190 1839 ridebatur
1206 1769 1297 1844 mihi

267 1889 340 1960 esse
352 1907 479 1984 genere
494 1908 628 1971 corum,
646 1885 707 1980 qui
729 1885 780 1956 sui
803 1885 863 1981 ipsi
881 1886 1065 1983 imperium
1082 1888 1295 1966 obtinerent.

268 2009 438 2081 Videbam
455 2031 515 2079 eos
531 2005 686 2103 quotidie
698 2004 773 2077 suas
789 2031 844 2078 ree
859 2031 972 2105 agere,
991 2034 1064 2083 non
1080 2011 1187 2084 modo
1203 2038 1296 2113 neg-

266 2132 352 2217 otia,
382 2129 439 2203 scd
470 2141 507 2201 et
535 2128 607 2200 otia
634 2140 672 2200 et
704 2126 879 2200 literarum
913 2130 1034 2218 studia,
1064 2135 1168 2205 certis
1197 2134 1296 2210 horis

266 2252 445 2326 distributa
472 2252 706 2348 destinataque
731 2250 880 2322 habere:
911 2277 1026 2350 neque
1051 2281 1073 2326 a
1096 2255 1295 2354 praescripta

265 2375 324 2450 illa
338 2374 583 2474 designataque
597 2375 652 2446 via
665 2373 836 2447 recedere.
884 2356 1018 2448 Felices
1042 2401 1102 2449 eos
1125 2379 1293 2475 praedica-

264 2499 369 2574 bam:
398 2501 598 2596 quaerebam
623 2523 666 2570 ex
694 2497 746 2586 iis,
773 2497 952 2594 quomodo
972 2499 1065 2571 hanc
1088 2499 1291 2578 felicitatem

265 2622 440 2695 consecuti
463 2623 593 2702 essent3
619 2619 645 2690 fi
667 2620 756 2691 sorte
779 2645 856 2691 enm
880 2621 948 2716 ipse
963 2646 1107 2718 quoque
1124 2623 1291 2722 consequi

263 2746 408 2840 possem.
463 2743 661 2830 Voluntate,
678 2741 827 2829 aiebant,
844 2759 877 2813 et
897 2745 1142 2838 consuetudine.
1175 2746 1288 2839 Itane,

183 2935 188 2946 ,
263 2869 418 2962 inquam,
445 2865 624 2936 voluntate
646 2875 682 2936 ct
703 2861 973 2937 consuetudine?
999 2866 1108 2962 Atqui
1129 2868 1289 2943 voluntas

261 2989 350 3060 milri
368 3011 565 3083 numquam
580 2987 704 3075 desuit,
721 2985 1006 3060 consuetudinem
1024 2989 1188 3086 consequi
1213 3017 1287 3066 non

262 3111 382 3209 potui:
409 3111 500 3197 haec,
524 3109 652 3207 quaeso,
678 3109 856 3207 quomodo
879 3112 1124 3207 comparatur?
1156 3113 1285 3188 Volun-

262 3248 346 3322 tom,
364 3234 522 3306 aiebant:
549 3244 653 3329 atque
670 3232 763 3304 idern
780 3232 907 3304 iterum
926 3234 1121 3331 iterumque
1138 3237 1284 3310 interro

259 3359 371 3456 ganti,
395 3357 488 3428 idem
513 3355 786 3452 respondebant:
808 3355 1034 3428 vehementer
1052 3383 1196 3454 quoque
1219 3363 1283 3432 mi-

255 3481 435 3566 rabantur,
453 3504 522 3569 me,
540 3504 645 3576 quem
673 3478 710 3548 in
736 3477 859 3549 Literis
882 3477 1011 3575 aliquid
1031 3479 1209 3576 profecisse
1230 3483 1283 3555 di-

259 3601 399 3687 cebant,
425 3625 497 3672 non
523 3582 673 3697 ipsorum
697 3601 831 3673 ratione
847 3602 1022 3699 modoque
1038 3596 1164 3674 viuere.
1210 3605 1283 3677 Nae

256 3747 334 3811 ros,
360 3723 516 3819 inquam,
542 3724 676 3794 mirifici
699 3723 777 3794 estis
800 3726 973 3810 homines,
996 3737 1058 3794 aut
1074 3726 1189 3820 potius
1204 3727 1283 3823 plus

163 3888 168 3902 ι
258 3869 365 3943 quam
382 3845 555 3931 homines,
571 3843 693 3916 heroes
709 3868 750 3916 ac
766 3845 916 3931 semidei,
934 3845 993 3939 qui
1012 3856 1084 3917 tam
1102 3845 1281 3922 efficacem

253 3968 416 4042 habeatis
440 3966 678 4040 voluntatem:
703 3991 771 4064 ego
799 3967 875 4039 sum
902 3991 1034 4039 unuse
1056 3967 1191 4056 multis,
1218 3996 1280 4042 vo-

95 4167 99 4174 ,
255 4088 372 4162 lmus
388 4090 491 4178 adest,
508 4091 596 4160 vires
612 4088 748 4176 desunt,
772 4089 861 4185 saepe
880 4089 916 4162 in
932 4088 986 4160 via
1000 4089 1135 4179 deficio,
1154 4091 1245 4189 saepe
1261 4120 1281 4167 a

255 4213 312 4285 via
328 4212 364 4286 in
380 4211 621 4289 diverticulum
638 4209 793 4286 deseror:
819 4233 894 4296 voe,
911 4223 952 4284 ut
975 4212 1120 4289 calestia
1135 4239 1281 4314 corpora

742 4544 840 4568 .-
