2684 5258
265 349 307 408 64
350 347 559 407 ANIMADV.
575 346 623 406 IN
638 347 711 405 LIB.
724 344 779 405 DE
791 339 965 403 EDUCAT.
982 335 1215 429 russonum

266 511 401 594 ψώμεθα.
444 511 516 575 Jam
538 508 603 595 ipsa
622 507 768 573 mastatio
782 521 820 572 ut
834 507 953 573 nullam
975 504 1091 594 prodat
1111 503 1159 570 rei
1177 526 1292 603 propq·

267 613 331 677 fitae
345 611 474 701 ejusque
496 625 617 674 naturae
635 610 867 696 cognitionem,
889 622 1000 674 contra
1017 608 1127 687 etiam,
1143 605 1288 695 puerilem

267 713 500 800 ignorantiam:
524 722 561 775 ut
583 709 661 775 locis
679 710 916 788 communibus,
936 707 1145 787 sententiolis,
1162 700 1286 791 flosculis

266 813 409 879 oratoriis
437 812 565 876 aliunde
591 811 748 897 decerptis
771 811 991 876 contineatur:
1025 821 1063 874 ut
1089 805 1285 894 philosophia

264 927 493 1001 argumentum
513 914 654 1004 ‘alienum
681 935 700 977 a
726 912 839 998 puerili
864 901 959 977 atate
987 908 1128 998 arripiat,
1158 897 1282 997 ejusdem

267 1014 483 1080 laudationem
509 1038 640 1080 vacuam
666 1017 705 1079 ab
731 1013 820 1078 omni
845 1013 984 1100 partium
1008 1011 1234 1098 fignificatione
1253 1030 1284 1074 or

266 1100 374 1202 aliqua
399 1117 480 1182 forte
508 1116 701 1203 protreptica
726 1115 869 1180 oratione
896 1114 1071 1201 susceptam
1094 1113 1229 1178 reserat:
1256 1126 1284 1173 ut

245 1198 417 1282 ’Isocratci
439 1217 576 1303 exempli
596 1239 636 1283 ex
652 1239 769 1304 genere
791 1220 942 1300 ὑποθπικῷ
966 1228 999 1279 et
1019 1219 1204 1302 παςαωπικῷ
1224 1202 1283 1276 imi·

268 1318 348 1382 tatio
366 1334 535 1406 appareat:
564 1319 655 1405 supra
676 1317 747 1382 satis
769 1317 973 1382 ostendimus.
1017 1315 1168 1400 Denique
1188 1312 1284 1400 Epilo-

267 1442 330 1507 gus
344 1420 445 1506 qualis
458 1421 522 1484 est?
549 1420 643 1485 Plane
658 1418 781 1483 videtur
795 1418 959 1484 continere
973 1408 1285 1509 magistri-judicium,

268 1521 430 1606 scriptioni
444 1520 588 1608 discipuli
609 1505 834 1606 subscriptum:
858 1519 990 1583 omnino
1003 1532 1037 1582 et
1052 1507 1167 1582 habitu
1179 1525 1213 1582 et
1226 1536 1287 1581 ora·

269 1622 357 1687 tione
379 1623 503 1687 accedit
528 1622 569 1686 ad
594 1622 729 1686 sormam
758 1621 929 1701 Plutarchi,
956 1634 1090 1707 excepto
1116 1643 1183 1686 uno
1206 1620 1288 1685 verbo

267 1722 491 1810 cuprepiaasdu,
514 1725 545 1788 in
567 1746 632 1810 quo
653 1725 673 1788 st
696 1747 760 1788 non
782 1723 992 1800 offendamur,
1012 1734 1069 1786 aut
1087 1721 1108 1785 sr
1128 1721 1195 1787 ida
1208 1720 1289 1786 disci·

269 1824 348 1911 pulo
362 1826 543 1909 profectum
558 1825 748 1903 {latua-mum
773 1823 904 1887 minime
924 1846 943 1886 a
962 1821 1229 1888 verisimilitudine
1243 1822 1289 1886 ab·

270 1923 397 1988 horrere
420 1924 587 2009 videbitur,
612 1922 784 2008 Epilogum
807 1948 826 1986 a
851 1925 1021 1988 Plutarcho
1043 1922 1207 2010 adje6tum
1229 1922 1290 1988 else.

271 2021 383 2109 ltaque
397 2023 579 2108 exemplum
595 2023 690 2109 hujus
705 2023 819 2087 chreiae
835 2025 916 2088 sorte
932 2025 1014 2089 inter
1030 2025 1190 2090 Plutarchi
1205 2025 1292 2111 scrip·

270 2138 305 2188 ta
326 2124 473 2202 relatum,
497 2146 573 2187 cum
600 2123 697 2209 iisque
721 2125 777 2189 sub
805 2125 873 2212 ejus
900 2125 1029 2189 nomine
1056 2125 1222 2212 vulgatum
1248 2127 1292 2191 su·

268 2222 344 2288 erit.

315 2327 416 2403 Itane,
432 2324 518 2389 dicat
531 2325 613 2411 quis,
630 2323 750 2389 nullam
766 2325 840 2389 huic
857 2324 964 2389 libello
979 2325 1082 2390 laudis
1096 2324 1296 2413 utilitatisque

271 2440 395 2513 partem
411 2425 582 2512 relinquis?
607 2428 683 2491 Non
707 2426 854 2512 equidem
877 2425 970 2511 plane
990 2426 1206 2513 abjiciendum
1226 2450 1295 2492 cen·

244 2586 250 2597 ,
272 2526 368 2590 seam.
414 2526 451 2589 ln
474 2524 583 2611 spuriis
605 2524 692 2590 haud
713 2526 869 2611 postremo
888 2527 931 2588 est
952 2525 1042 2589 loco:
1066 2525 1179 2590 melior
1197 2540 1296 2592 etan·

271 2628 390 2713 tiquior
416 2629 458 2691 est
487 2628 548 2691 illis
574 2628 624 2690 De
647 2625 823 2704 Nobilitate,
851 2628 901 2689 De
926 2625 1057 2705 Fluviis,
1081 2627 1301 2693 Parallelorrm

275 2728 334 2792 Gr.
351 2741 378 2790 ct
394 2724 446 2806 R,
469 2727 710 2815 scriptiunculis.
754 2728 864 2791 Habet
884 2727 1011 2792 laudem
1035 2741 1073 2792 ut
1094 2715 1299 2795 adolescentis

271 2828 398 2892 chreia:
426 2829 523 2892 habet
545 2828 577 2890 in
598 2827 651 2890 illa
675 2827 825 2891 orationis
848 2828 1067 2894 mediocritate
1086 2830 1300 2896 aedattrinae

272 2927 400 2992 levitate
415 2941 521 2992 tamen
541 2927 680 3014 aliquam
699 2928 892 3014 cognitionis
912 2928 1082 2993 utilitatem
1097 2940 1131 2994 et
1146 2928 1301 3016 jucundi·

272 3041 384 3107 tatem,
400 3028 496 3117 semel
514 3027 651 3115 legendo
665 3029 911 3116 percipiendam,
935 3052 999 3093 non
1020 3029 1154 3115 repetita
1167 3029 1303 3105 lessione

272 3135 478 3211 crescentem,
494 3133 550 3220 qui
566 3134 609 3197 est
628 3133 751 3198 frustus
772 3157 998 3221 germanorum
1021 3135 1300 3205 Plutarchilibro·

272 3262 345 3306 rum
369 3253 402 3305 et
422 3240 536 3327 optimi
560 3239 711 3326 cujusque
733 3243 907 3320 Veterum3
941 3242 993 3306 sed
1015 3242 1119 3328 magis
1139 3245 1304 3331 magisque

273 3341 506 3406 decrescentem
522 3340 608 3405 illam
623 3363 660 3406 ac
673 3339 884 3405 deficientem.
929 3345 1071 3429 Legatur
1084 3366 1103 3406 a
1124 3345 1303 3429 provestin-

272 3443 371 3523 ribus‚
394 3444 486 3529 ipfius
508 3438 719 3530 cognoscendi
736 3441 835 3506 libelli
850 3442 951 3506 caussa
961 3469 970 3524 ;
995 3467 1059 3507 non
1073 3442 1114 3507 ad
1128 3467 1303 3532 argtunen·

274 3555 344 3605 tum
366 3546 401 3605 de
422 3546 607 3610 Educatione
629 3555 657 3607 et
678 3541 871 3628 testinatione,
894 3544 942 3608 rel
965 3568 1003 3609 ex
1026 3546 1117 3630 ipsus
1139 3560 1255 3611 natura
1269 3562 1304 3611 et

273 3640 406 3720 ratione,
430 3643 540 3707 velex
566 3643 777 3730 Antiquitatis
799 3667 899 3723 more,
925 3644 1181 3730 intelligendum.
1226 3648 1301 3711 Nou

269 3753 469 3836 proponatur
492 3730 659 3823 tironibus,
681 3757 719 3806 ut
739 3744 805 3807 sere
828 3744 874 3821 tit,
893 3742 941 3806 vel
955 3743 1042 3828 quod
1064 3744 1150 3808 reste
1166 3744 1238 3830 jam
1252 3769 1301 3833 re·

272 3843 441 3930 prehendit
465 3843 619 3908 Cellarius
641 3845 784 3909 Dissertt.
807 3844 910 3908 Acad.
932 3865 965 3928 p.
982 3845 1054 3926 708.
1070 3845 1111 3908 ad
1131 3846 1301 3912 institutio·

272 3967 348 4010 nem
369 3944 469 4033 prosae
489 3943 640 4008 orationis
662 3946 795 4025 Graecae,
810 3945 859 4010 vel
879 3945 919 4008 ad
939 3946 1142 4011 formandum
1162 3949 1303 4036 antiqua

272 4047 440 4133 elegantiae
453 4048 587 4126 sensum,
605 4048 653 4110 rel
674 4047 810 4134 denique
829 4046 870 4111 ad
889 4048 1035 4111 notitiam
1051 4064 1084 4112 et
1097 4048 1301 4135 consuetudi-

272 4166 348 4208 acm
363 4169 437 4212 cum
454 4146 614 4214 Plutarchi
628 4147 749 4234 scriptis
761 4147 1022 4214 contrahendam.
