2684 5258
153 679 209 739 DE
225 681 360 741 uncta
372 683 577 743 AUDIENDI
591 683 782 743 RATIONE.
796 681 1043 760 pane-atum
1072 678 1134 756 395

135 839 257 927 pieuro,
271 858 373 931 quum
386 843 557 910 dicendum
571 846 676 910 fuisset
692 845 791 932 κρίτος
805 844 852 908 καὶ
865 841 993 930 tepidae,
1015 841 1135 929 plausus

141 944 304 1011 tumulms.
338 945 460 1010 Eodem
475 946 594 1032 spectat
609 947 795 1012 Plutarchus
808 945 893 1010 Adv.
908 945 1085 1032 Epicurum
1099 966 1133 1031 p.

135 1060 198 1131 ³95.
212 1046 260 1111 D.
275 1060 310 1111 et
323 1046 405 1111 Adv.
421 1047 571 1113 Colotem
586 1070 619 1134 p.
635 1063 727 1130 1117.
740 1050 783 1112 A.
815 1047 889 1111 Alia
901 1046 998 1111 etiam
1013 1046 1132 1111 attule-

135 1160 177 1211 nt
190 1146 234 1210 ad
249 1146 368 1212 Laertii
385 1146 492 1212 locum
510 1148 715 1213 Casaubonus
728 1164 761 1212 et
775 1146 969 1234 Menagiua:
992 1145 1045 1211 hic
1060 1146 1132 1233 qui-

135 1272 175 1315 un
188 1271 358 1338 perperam
371 1249 534 1336 corrigens
546 1275 589 1313 σοι
604 1272 661 1336 pro
674 1275 735 1314 ero.

139 1368 197 1437 45.
212 1353 249 1415 F.
276 1350 377 1430 Θάσος,
402 1351 818 1437 ΘεοφοςῆτωςᾸΑνθνςῶμ]
848 1347 997 1414 Diximus
1018 1347 1059 1413 de
1082 1346 1134 1413 his

135 1449 387 1517 clamationibus
400 1449 439 1513 ad
455 1471 488 1535 p.
504 1452 555 1515 26.
571 1450 610 1514 B.
625 1451 720 1515 verbo
733 1454 876 1548 ἐπνφωρεῑν.

141 1564 197 1634 45.
212 1552 249 1614 F.
273 1548 427 1634 mapsam]
464 1549 528 1614 Hic
555 1549 697 1636 quamvis
718 1571 854 1635 magnus
875 1548 939 1612 fuit
964 1560 1072 1613 orator
1092 1571 1134 1615 ac

135 1650 311 1729 muscivis,
336 1672 511 1735 numquam
529 1651 671 1737 profesto
691 1651 803 1716 nactus
821 1651 864 1714 est
882 1671 954 1713 eam
975 1648 1130 1742 existima·¹
1195 1673 1198 1679 ·
1279 1692 1283 1700 -

135 1774 237 1832 ruem,
255 1767 294 1816 ut
315 1751 347 1816 in
368 1751 549 1836 exemplum
565 1751 688 1816 virtutis
699 1751 934 1837 'sapientiaque
955 1750 1131 1815 celebrare·

135 1874 173 1917 ir:
209 1874 308 1938 quam
338 1851 469 1938 quidem
497 1851 752 1917 existimationem
782 1854 940 1928 Socrates,
970 1849 1070 1929 Plato,
1098 1865 1133 1915 et

135 1952 267 2019 tutarchi
285 1966 371 2017 certe
390 1951 480 2015 sensu
491 1950 678 2038 judicioque
696 1951 864 2037 Euripides
885 1951 993 2030 etiam,
1007 1950 1132 2016 habuit.

135 2039 236 2119 tiero
251 2053 321 2118 haeo
341 2053 470 2117 nomina
484 2053 616 2118 subinde
632 2077 652 2117 a
668 2053 801 2117 librariis
815 2066 996 2139 permutata
1012 2053 1132 2138 reperi-

135 2168 223 2220 aturr
253 2156 341 2242 quod
363 2157 554 2242 cognoscere
577 2156 652 2222 licet
673 2178 712 2221 cx
732 2156 996 2221 animadverfione
1017 2155 1131 2223 Ruhn-

135 2257 193 2323 eoii
219 2256 252 2322 in
280 2258 417 2322 Historia
445 2258 566 2322 Critica
591 2259 765 2323 Oratorum
798 2260 985 2323 Graecorum
1018 2279 1052 2344 p.
1078 2273 1131 2341 71.

135 2356 337 2445 [arpocration
351 2379 429 2420 voce
446 2357 559 2436 Θέῶαρ,
581 2379 652 2421 eam
675 2358 900 2443 interpretatur
913 2356 1033 2422 addens
1047 2357 1133 2423 hanc

135 2457 276 2546 [yperidis
294 2457 528 2537 audiorimtem,
542 2458 680 2545 Ὑπερίδης
694 2463 720 2522 ἐν
733 2464 772 2544 τῷ
785 2462 857 2546 πρὸς
871 2459 1058 2543 Ὕγναῖνονοοι.
1092 2461 1131 2525 In

135 2558 278 2625 irissotelis
301 2557 462 2622 Rhetoric.
486 2558 548 2622 Ill.
567 2579 624 2643 15:
648 2557 737 2644 ὥσπερ
760 2561 902 2645 Εὐριπίδης
922 2562 994 2644 arpis
1014 2557 1131 2644 ‘Tyrai-

135 2688 184 2726 ντα
202 2668 228 2726 ὃν
247 2668 282 2747 τῇ
303 2660 433 2724 ἀποδόσει
455 2678 651 2725 memoratur
665 2661 721 2739 ita,
743 2675 780 2727 ut
795 2662 919 2725 nullum
934 2663 970 2725 fit
984 2662 1131 2741 dubium,

135 2762 182 2828 uin
199 2764 357 2850 Euripidis
377 2786 494 2828 nomen
509 2786 618 2827 verum
641 2777 675 2827 et
696 2764 735 2826 ab
758 2762 826 2847 ipso
846 2763 1024 2842 Aristotele,
1040 2785 1133 2826 neca

135 2856 240 2944 brutio,
255 2865 311 2928 fit:
335 2864 387 2928 sed
408 2878 441 2929 et
462 2864 548 2950 apud
570 2863 855 2948 Harpocrationem
879 2885 988 2926 verum
1009 2862 1134 2928 videtur

135 2963 167 3030 d'e
180 2965 340 3052 Hyperidis
354 2988 483 3042 nomen,
498 2964 651 3050 squidem
674 2964 727 3029 ille
742 2987 806 3028 non
822 2965 874 3028 nifi
889 2965 1061 3028 Oratorum
1076 2987 1132 3028 vo·

135 3066 219 3133 abula
231 3067 379 3152 explicat.
410 3066 545 3131 Fortasse
559 3066 626 3151 post
640 3065 842 3130 Aristotelem
856 3066 985 3130 demum
998 3061 1050 3129 illa
1063 3065 1132 3129 Eu·

135 3167 209 3255 ipidis
235 3167 337 3232 oratio
361 3166 394 3231 in
421 3166 583 3254 Hyperidis
604 3189 721 3230 nomen
752 3168 896 3230 transsata
917 3165 948 3230 in
977 3164 1132 3252 hujusque

135 3266 299 3333 rationibus
313 3269 354 3331 ab
369 3268 622 3351 Harpocratione
638 3279 673 3331 et
686 3268 766 3331 tetta
780 3281 815 3331 et
827 3266 937 3333 habita
950 3268 1003 3332 est.
1034 3270 1132 3350 Nam,

135 3368 191 3434 uod
214 3372 260 3434 H.
276 3367 417 3433 Valesius
438 3368 539 3445 addit,
565 3369 596 3431 in
622 3368 718 3432 Notis
732 3368 773 3432 ad
796 3371 900 3434 Notas
922 3370 1076 3434 Maussaci
1097 3392 1132 3457 p.

135 3472 189 3537 16:
221 3467 309 3534 Forte
335 3469 501 3556 Hyperides
522 3493 585 3532 eam
612 3470 768 3533 orationem
791 3470 934 3555 Euripidi
950 3471 1133 3559 scripserat:

135 3570 296 3637 ‚lenissima
311 3571 382 3635 fitne
397 3571 472 3634 esset
490 3570 569 3634 ratio
591 3569 796 3655 expediendae
814 3569 1019 3650 difficultatis,
1034 3572 1133 3639 modo

135 3686 339 3759 etemporum
360 3671 534 3736 rationibus
557 3684 766 3756 repugnaret:
791 3670 845 3733 nisi
859 3670 957 3733 alium
973 3672 1133 3754 quendam

135 3772 278 3859 lyperidis
302 3772 457 3858 aequalern
485 3771 701 3858 intelligamus
730 3770 925 3855 Euripidem.
970 3771 1133 3839 Caeterum

135 3876 281 3957 βγιαῖνοντα
298 3897 398 3960 quum
420 3871 504 3959 apud
524 3887 696 3957 utrumque
711 3871 847 3958 legatur,
863 3886 896 3936 et
913 3872 1030 3936 iterum
1048 3875 1141 3960 apud

135 3956 391 4063 ldrpocrationcnr
407 3975 439 4038 in
453 3972 523 4050 Ἕνη
550 3973 595 4053 κο)
618 3972 692 4051 Νέον,
718 3972 826 4036 malim
846 3974 908 4038 hoc
930 3975 1012 4038 tueri
1035 3998 1132 4062 quam

135 4093 184 4139 um
195 4074 407 4139 Valckenario
422 4075 525 4141 nostro
540 4072 580 4136 ad
601 4071 759 4161 Euripidis
774 4073 991 4163 Hippolytum
1009 4095 1043 4162 p.
1059 4094 1132 4161 232.

135 4174 274 4255 Υγιαῖνετνν
289 4173 461 4260 corrigere.

157 4278 250 4357 p.46.
265 4277 308 4339 Α.
332 4274 409 4359 λόγῳ
430 4282 604 4359 σωφρονοῦντι
626 4273 825 4360 προσφέροντες
847 4275 951 4338 ἔπαινον
971 4276 1131 4363 ἑταιροκὸν,]

135 4373 260 4450 ῑνλιςικα)
273 4372 388 4455 μελέταν
402 4376 474 4437 sunt
488 4373 702 4459 Sophistarum
717 4389 752 4438 et
766 4374 956 4452 Rhetorum,
975 4389 1009 4437 et
1026 4373 1060 4436 hi
1074 4375 1133 4439 sae·

135 4467 186 4550 pius
203 4497 276 4540 eum
299 4475 494 4538 meretricibus
521 4490 765 4560 comparantur:
795 4498 858 4560 qua
882 4476 973 4540 dere
992 4477 1136 4562 exposuit

135 4564 222 4640 meu
234 4575 333 4641 homo
347 4577 385 4640 L.
396 4573 567 4642 Cresolh'us
583 4574 614 4639 iu
630 4575 657 4639 T
658 4574 769 4639 heutro
784 4575 883 4659 Soph.
899 4575 960 4639 111.
975 4592 1005 4642 2.
1018 4597 1052 4666 p.
1062 4580 1134 4663 158.

1024 4760 1290 4958 f*
