2684 5258
206 638 234 677 'b

213 708 216 713 ’
318 711 523 773 suntclnnt
542 710 597 773 DE
616 710 819 772 nummu.
1045 726 1084 777 33

82 884 177 951 geren.
218 872 270 941 Ibi
290 886 365 941 tum
379 874 495 955 evenit,
511 888 551 941 ut
564 875 689 962 quoties
705 876 747 941 ab
760 874 830 939 aliie
844 874 941 963 iisque
955 896 1085 963 germa.

81 969 119 1035 uit
127 974 274 1045 Plutarchi
286 978 378 1047 libris
390 978 433 1047 ad
445 978 538 1045 istum
552 978 603 1045 De
616 978 806 1045 Educatione
817 980 1017 1061 accederem,
1035 994 1087 1047 to·

80 1070 124 1141 tier
137 1078 210 1144 mihi
233 1082 341 1146 nescio
353 1080 434 1167 quid
445 1102 571 1147 novum
584 1104 623 1145 nc
639 1080 856 1167 peregrinum,
873 1083 915 1146 ab
936 1082 990 1149 illa
1012 1083 1088 1149 Plu-

79 1176 181 1245 urebar
193 1180 289 1269 copia
305 1194 341 1247 et
359 1181 517 1269 gravitate
530 1181 684 1247 diuersum
698 1180 767 1246 leve
788 1196 822 1246 et
842 1181 949 1263 inane,
964 1180 1005 1247 ad
1018 1184 1088 1248 ani·

75 1296 144 1345 tuum
163 1282 353 1370 sensumque
375 1282 544 1351 accideret.
590 1282 691 1369 quue
712 1282 864 1369 paulatim
888 1282 1088 1350 animadver-
1188 1364 1191 1369 Ι

74 1380 152 1449 tendo
171 1383 237 1449 tale
258 1397 451 1470 tantumque
471 1382 532 1448 esse
553 1381 702 1471 cognovi,
724 1396 761 1447 ut
783 1381 836 1448 hic
855 1384 980 1450 libellus
999 1383 1089 1451 nullo
1202 1378 1228 1409 ''
1272 1378 1281 1393 '

71 1482 153 1549 nodo
171 1507 190 1549 u
212 1484 399 1565 Plutarcho,
421 1484 480 1549 sive
495 1484 615 1571 jurene
632 1483 689 1549 illo
708 1483 768 1549 sive
783 1484 866 1566 sene,
882 1486 972 1551 scribi
989 1500 1088 1573 potu·

68 1584 124 1665 erit,
145 1584 198 1651 sed
219 1586 321 1652 ulium
344 1585 489 1674 quemvis
511 1586 657 1674 opificem
681 1584 799 1651 habere
823 1586 980 1652 debuerit.
1024 1588 1088 1654 Sed
1168 1582 1175 1597 “

63 1682 116 1753 tue
128 1710 195 1753 non
213 1688 270 1753 nisi
284 1686 327 1752 ad
339 1709 448 1753 meum
463 1685 544 1751 mihi
561 1686 684 1751 sensum
699 1686 771 1751 satia
784 1701 862 1752 erat.
906 1688 1006 1754 Nunc
1026 1712 1089 1777 nge

60 1788 263 1875 experiamur,
281 1812 324 1855 nn
342 1789 432 1853 hunc
446 1786 638 1876 implicitum
653 1787 762 1854 animo
779 1788 901 1855 sensum
916 1788 958 1853 ud
973 1789 1089 1877 judicii

57 1890 310 1977 perspicuitatem
322 1888 586 1977 diiigenummue
600 1887 768 1976 explicaro,
784 1902 818 1955 et
831 1890 987 1955 hactenus
1001 1904 1089 1957 certe

56 2012 125 2057 eum
141 1990 320 2059 lectoribus
334 1989 446 2059 nostrie
459 1990 697 2057 communicare
711 1989 871 2075 poffimm,
884 2004 922 2057 ut
934 1992 1088 2058 assensum

56 2092 143 2159 nobie
157 2091 252 2158 suum
266 2114 308 2157 ne
320 2090 494 2178 denegent.
539 2090 717 2168 Caeterum,
731 2112 831 2175 quum
848 2090 912 2155 hoo
928 2072 1088 2177 iudicium

55 2192 192 2259 versetur
203 2192 239 2257 in
253 2190 520 2259 demonshntione
534 2204 684 2256 notarum
698 2188 791 2275 spurii
808 2203 842 2254 et
860 2189 956 2255 alieni
973 2192 1088 2279 operia,

55 2314 154 2381 eaque
174 2292 402 2361 demonstratio
423 2292 459 2356 sit
479 2312 552 2378 paru
572 2288 900 2371 Animadversum,
922 2312 1026 2380 neque
1047 2296 1090 2361 ab

55 2393 92 2459 iia
104 2393 253 2480 <injungi
263 2392 352 2480 poffit
365 2392 442 2480 quin
456 2392 523 2479 ipsa
536 2390 749 2479 disjundtione
763 2408 888 2459 mentes
908 2394 1088 2482 legentium

58 2492 286 2575 disimhnntur3
307 2508 429 2574 tamen,
455 2516 520 2581 quo
541 2492 658 2559 certius
679 2493 714 2559 in
739 2493 799 2559 hac
822 2497 952 2561 censura
973 2512 1007 2563 et
1028 2520 1088 2563 noo

56 2596 296 2685 progrediamur
316 2595 426 2662 etalii
448 2618 507 2661 noe
529 2596 710 2683 sequantur,
735 2597 966 2682 praemittamus
989 2622 1086 2687 argu-

56 2710 237 2763 mentonem
266 2695 445 2761 nostrorum
471 2716 546 2761 curn
578 2694 794 2761 universorum
823 2695 1088 2779 distributionem,

57 2808 123 2863 turn
139 2810 266 2875 eorum,
278 2796 397 2885 quibua
411 2794 444 2860 in
463 2794 780 2866 Animadverfionum
801 2797 877 2866 serie
894 2810 1001 2863 certus
1022 2822 1087 2867 non

58 2897 98 2961 est
109 2896 214 2979 locue,
229 2895 487 2985 explicationem.
891 2925 896 2933 ·

347 3130 523 3218 Distributio
538 3133 800 3222 Argumentorum.

93 3304 184 3384 Dixi,
206 3278 412 3392 Argumenta
433 3305 544 3370 nostroe
565 3302 785 3405 disputationis
806 3303 867 3369 effe
888 3303 1018 3387 interna,
1034 3306 1088 3372 nisi
1134 3349 1140 3357 -

56 3406 136 3472 sorte
148 3428 218 3471 uno
238 3418 376 3493 excepto
392 3419 510 3471 externo
518 3431 530 3487 ;
552 3406 651 3493 igitur
664 3404 781 3470 dehoc
796 3405 935 3493 primum
949 3430 1089 3494 expone-

58 3529 139 3587 mue,
153 3507 273 3573 deinde
292 3511 412 3573 interno
425 3510 660 3597 persequemur.
706 3509 829 3573 interna
843 3508 968 3575 duobus
983 3511 1089 3577 conti-

59 3622 174 3673 nentur
194 3608 379 3696 generibue,
398 3610 500 3676 altero
512 3634 624 3692 rerum,
639 3609 795 3675 verborum
808 3610 928 3677 altero:
952 3635 1089 3699 quorum

59 3727 231 3799 utrumque
251 3715 432 3804 complures
453 3715 552 3782 habet
571 3729 677 3803 partes
697 3738 735 3781 nc
758 3717 887 3781 formas.
931 3717 989 3780 Res
1009 3739 1089 3780 con·

57 3815 138 3879 finnt
159 3817 284 3880 materia
306 3830 340 3882 et
351 3816 469 3903 formo.
514 3820 552 3883 In
574 3816 701 3880 materia
715 3815 887 3881 videndum
906 3816 981 3901 quid
1000 3816 1089 3902 adsit,

56 3915 131 4002 qnid
147 3915 243 4000 defit:
268 3918 302 3981 in
325 3932 463 4003 utroque
487 3916 666 4004 spediandae
688 3915 761 3979 sunt
780 3929 903 4001 parter:
935 3916 978 3981 est
1003 3917 1090 3984 enirn

57 4017 182 4081 noterio
198 4016 248 4083 vel
261 4018 295 4082 in
309 4018 397 4083 fatto
411 4017 521 4104 posita,
535 4016 624 4083 idest
638 4015 782 4102 br'stcricn,
798 4016 845 4081 vel
860 4017 892 4082 in
908 4018 1040 4102 ratione,
1057 4020 1092 4085 id

58 4118 96 4183 est
109 4119 293 4207 dognratica.
331 4120 446 4184 Forma
459 4119 643 4185 continetur
655 4118 778 4185 duabus
792 4121 952 4206 partibus:
977 4123 1089 4200 ordine,

57 4216 143 4286 idest
156 4219 379 4285 distributione
395 4242 433 4285 ac
448 4219 645 4306 dispositione
666 4222 827 4286 materiae:
852 4222 1089 4309 argumentatio·

58 4342 104 4401 ne,
124 4322 159 4388 id
180 4322 226 4387 est
247 4344 333 4387 nexu
353 4335 388 4387 et
401 4321 571 4389 efficientia
584 4322 834 4389 conclusionum.
881 4323 977 4388 Verba
998 4345 1089 4388 conr·

57 4421 242 4507 pledtuntur
255 4443 353 4491 omne
368 4420 447 4489 illud
460 4420 656 4509 qnod·oratio
677 4438 712 4487 et
721 4422 814 4508 stilus
829 4438 969 4488 uocatur.
1003 4426 1090 4513 Ergo

58 4523 146 4593 oratio
160 4522 317 4609 cernitur,
330 4523 380 4589 rel
394 4523 427 4587 in
442 4523 570 4610 singulis
585 4525 685 4593 verbis
699 4525 970 4612 dictionibusquo:
994 4530 1041 4593 vel
1058 4531 1090 4593 in

59 4642 164 4689 earum
178 4623 421 4710 compostione,
434 4624 676 4692 continuatione
690 4639 724 4692 et
738 4639 808 4691 toto
823 4626 946 4694 habitu.
974 4631 1089 4701 Totam

97 4746 187 4792 von.
204 4744 259 4790 vt.
573 4748 596 4793 n
