2684 5258
211 757 551 827 innumerum
572 756 720 826 aanor
739 758 961 827 nonnus.
1081 776 1101 848 φ

67 947 215 1044 penitus
230 957 437 1035 contemno,
457 947 584 1043 quippe
608 944 677 1042 ipre
699 945 879 1042 quondam
896 962 1016 1020 eurum
1031 947 1102 1020 ud·

67 1069 206 1142 litatem
234 1080 427 1167 expertus:
464 1068 522 1140 sed
550 1065 778 1141 Plutarchum
804 1080 921 1141 totum
951 1070 996 1141 ad
1023 1091 1101 1143 eam

68 1195 244 1265 redonen
265 1192 324 1264 edi
344 1190 468 1263 nolim.
517 1191 561 1264 In
576 1190 687 1263 altero
708 1191 836 1290 'genere
850 1191 931 1264 surlt
947 1192 1103 1265 lietrtlei-¹

70 1336 151 1388 anre
174 1327 212 1387 et
235 1313 363 1388 similer
386 1314 670 1410 ordinariusque
694 1312 797 1388 unice
820 1317 858 1388 in
882 1313 1103 1390 emendando

72 1438 265 1526 versantur,
294 1448 440 1509 omnem
468 1458 585 1510 rerum
612 1435 867 1535 verborumque
892 1435 1102 1536 Interpreta-

72 1562 221 1648 tiunem,
249 1559 346 1657 quati
371 1558 568 1656 legentibus
595 1561 785 1658 mgnltam,
814 1562 1003 1634 omittunt:
1034 1580 1102 1634 nee

70 1706 151 1755 eam
169 1683 234 1755 nist
250 1683 377 1770 obiter,
395 1684 455 1754 ubi
477 1683 729 1756 emendationis
748 1685 835 1757 ratio
850 1682 1023 1757 reddenda
1037 1681 1101 1775 ut,

70 1807 268 1903 stringunt
302 1804 361 1877 Ad
378 1826 482 1903 quem
501 1806 660 1894 modum,
677 1807 886 1904 psucisslmis
899 1804 1102 1879 aocolnmo·

70 1927 212 2016 datum,
230 1950 304 2000 nou
319 1927 477 2001 abidam
498 1930 548 2002 est
569 1926 800 2013 Plutarchusa
826 1934 931 2025 cnjus
944 1927 1103 2002 mffllm

70 2071 159 2123 eum
189 2050 296 2124 babel
324 2049 492 2140 bodam,
521 2053 583 2148 qui
613 2049 658 2123 ad
685 2074 913 2125 communem
938 2050 1101 2124 omnium

71 2172 265 2246 utilitatem
295 2172 454 2269 explicari
487 2173 623 2246 debeat.
681 2173 779 2273 Quid
807 2173 941 2272 igitur?
979 2172 1104 2244 Medic

72 2294 240 2392 quaedurn
258 2295 408 2368 tenende
421 2291 471 2368 eli
487 2296 554 2383 via,
574 2294 680 2392 quam
697 2292 841 2393 quisque
866 2316 939 2368 non
962 2290 1101 2394 imperis

76 2417 230 2489 tissimus
251 2416 342 2514 sequi
367 2417 480 2514 poffit.
533 2417 751 2490 Carneades·
767 2420 804 2490 in
822 2414 936 2490 schola
950 2419 1101 2491 nimium

75 2539 241 2626 clamans,
267 2542 426 2612 aricino
450 2538 650 2613 admonitus
674 2554 715 2613 ut
739 2564 860 2613 vocem
883 2537 1101 2639 aliquantum

72 2663 307 2750 submitteret,
325 2663 508 2760 respondit,
526 2665 589 2735 Da
606 2653 689 2735 roilli
704 2668 795 2736 vocis
812 2668 1020 2759 mensuram:
1045 2663 1103 2734 cui

75 2787 222 2873 vicinus,
242 2785 440 2881 Mensarum
464 2786 565 2858 hales
588 2787 760 2858 auditores
779 2803 863 2858 roos.
913 2788 968 2859 Ita
992 2787 1104 2856 editor

76 2909 276 2980 mensuram
304 2909 599 3005 interpretationis
622 2911 727 2981 babet
749 2908 925 3005 legentes:
952 2906 1103 3004 quorum

75 3032 206 3127 captui,
224 3030 320 3128 quasi
337 3033 490 3120 auribus,
508 3034 554 3104 ita
566 3055 687 3104 vocem
702 3028 978 3103 accommodabit
996 3029 1103 3117 suam,

77 3164 121 3224 ut
141 3179 163 3224 a
186 3157 311 3249 quovis
335 3176 407 3225 non
434 3154 536 3227 surdo
556 3154 778 3253 intelligatur,
796 3177 863 3225 nec
878 3154 1104 3225 contentione

75 3276 253 3348 obtundat
280 3278 463 3366 acutiores,
497 3301 563 3349 nec
592 3277 814 3348 submissione
843 3273 1104 3373 praetellabatur

78 3397 287 3471 hebetiores.
337 3396 423 3472 Non
446 3402 551 3499 igitur
573 3399 607 3471 se
629 3399 697 3496 ipse
721 3397 824 3471 saciet
840 3398 1045 3487 mensuram,
1063 3409 1105 3471 ut

75 3516 123 3592 de
139 3522 179 3592 iis
197 3533 336 3594 tantum
359 3522 442 3595 locis
461 3523 554 3596 dicat
570 3523 630 3621 qui
653 3522 768 3594 adhuc
794 3521 853 3618 ipsr
876 3521 1034 3593 difficiles
1050 3523 1104 3593 vi·

80 3642 240 3731 deantur,
269 3659 451 3741 praetereat
477 3646 582 3734 locos
608 3666 707 3743 quos,
734 3658 836 3716 antea
859 3647 977 3716 minus
1004 3642 1104 3715 intel·
1198 3737 1201 3741 v

81 3763 202 3852 lectos
224 3770 298 3860 jam
318 3767 424 3864 longo
441 3769 604 3841 Auctoris
628 3769 692 3840 usu
714 3765 888 3864 intelligit.
921 3765 1104 3838 Personam

81 3886 191 3959 sumet
214 3888 317 3962 modii
342 3890 509 3980 bominis,
532 3891 642 3989 qualis
667 3890 736 3986 ipse
760 3890 874 3958 fuerat
896 3897 1116 3984 anteaquam,

82 4010 125 4080 ad
149 4012 348 4086 interiorem
375 4037 459 4084 cum
482 4014 638 4086 Audlore
658 4008 921 4084 familiaritatem
939 4036 1105 4107 pervene-

83 4145 154 4204 rat:
186 4147 265 4205 tum
292 4135 326 4206 le
352 4135 418 4231 ipse
441 4138 606 4224 excutiet,
632 4153 673 4207 ac
699 4135 760 4208 suo
784 4134 879 4206 sensu
904 4133 1104 4230 explorabit,

85 4277 186 4349 quem
214 4256 515 4356 interpretationis
535 4259 689 4331 ⁴modum
713 4258 907 4356 legentibus
937 4255 1105 4327 admetia-

85 4388 161 4451 tur:
205 4382 336 4476 quibus
367 4395 611 4478 quantumque
643 4382 736 4453 dicat
768 4380 812 4451 de
845 4379 947 4464 locis,
981 4377 1107 4474 quibus

140 4645 152 4676 ¹
172 4641 313 4700 Plutarch.
327 4640 391 4717 Ops
403 4641 478 4700 Mor.
494 4660 522 4719 p.
534 4652 604 4718 513,
618 4640 662 4698 C:
685 4639 805 4715 Diogen,
820 4638 912 4696 Laorl.
925 4634 1036 4708 1V,63.

579 4772 600 4821 ll
618 4761 642 4820 4
