2684 5258
212 714 268 776 na
281 714 464 778 orscrnn.
477 716 601 777 mor..
616 714 668 778 Aa
682 716 827 780 amco.
847 720 979 798 pasc.
1033 724 1105 792 sn
1202 686 1206 693 ’

123 877 300 965 putatione
314 877 432 943 Teletis
445 878 531 965 apud
549 880 639 945 Stoh.
656 882 757 946 Serm.
771 880 877 948 XCV.
898 900 931 968 p.
943 894 1020 967 523,
1033 899 1110 965 524.

123 1002 134 1043 e
150 967 351 1068 Cynicoium
366 980 457 1044 cultu
474 981 528 1044 seu
547 981 654 1068 potius
672 981 830 1061 nuditate,
845 981 911 1067 qui,
927 980 990 1046 fine
1003 981 1114 1046 tunica

137 1080 268 1159 calceis,
288 1080 390 1144 solum
412 1079 572 1145 habebant
591 1080 723 1167 pallium
742 1080 872 1168 duplex,
891 1081 966 1147 alibi
987 1082 1114 1147 dicendi

123 1178 146 1245 it
164 1181 269 1245 locus.
317 1183 445 1246 Nomen
463 1181 667 1269 τςνέανοφορία,
692 1196 808 1270 praeter
829 1182 928 1264 hunc,
951 1206 1017 1249 uno
1040 1185 1115 1250 loco

123 1280 174 1346 rud
196 1282 404 1346 Plutarchum
428 1284 471 1346 est
498 1284 568 1348 lfid.
594 1297 628 1349 et
649 1285 728 1350 Ofir.
754 1306 787 1371 p.
801 1302 875 1370 352.
894 1286 944 1349 C:
974 1284 1034 1350 οὔτε
1056 1291 1114 1372 γὰρ

123 1386 247 1468 υσνίφους
267 1389 507 1474 πονμανοτςοφίαμ,
534 1385 557 1450 ol
579 1387 673 1467 Κλία,
698 1387 939 1477 νὲτμνὸωνοφορίαμ
966 1396 1113 1455 woroime:

139 1486 275 1553 verbum
296 1484 505 1572 τςνέανοφορέα,
524 1510 600 1552 mox
624 1486 684 1553 hac
704 1488 832 1577 pagina,
848 1492 886 1567 E.
922 1489 997 1554 Alia
1016 1490 1115 1555 etiam

123 1608 153 1679 ο)ι
160 1586 202 1652 de
216 1608 251 1652 re
267 1586 394 1673 possunt
412 1588 476 1674 legi
490 1587 576 1674 apud
589 1588 631 1653 0.
647 1589 824 1654 Ferrarium
837 1590 890 1654 De
905 1591 952 1653 Re
965 1590 1116 1655 Vestiaria

123 1702 173 1753 itt.
191 1690 236 1752 11.
259 1689 332 1753 Lib.
349 1690 408 1751 IV.
430 1705 464 1753 et
479 1689 530 1752 Cl.
547 1689 732 1753 Sahnafium
753 1687 795 1752 ad
814 1688 1047 1754 Tertullianum
1064 1690 1117 1754 De

123 1789 188 1855 illio
211 1811 246 1875 p.
261 1790 314 1873 65.
330 1790 381 1855 82.
415 1788 576 1874 Ἀδιαφομία
600 1789 696 1854 etiam
717 1789 749 1852 in
771 1810 819 1853 ore
839 1786 887 1874 est,
907 1787 1118 1853 indifferentia

123 1910 164 1977 ga
184 1910 236 1952 res
258 1901 415 1965 externas,
438 1904 499 1952 nec
520 1888 620 1952 bonas
640 1908 700 1952 neo
719 1888 828 1966 malas,
849 1884 987 1951 Aristoni
1008 1887 1117 1952 Stoico

123 2000 157 2054 at
177 1991 340 2055 summum
365 1989 499 2066 bonum,
528 1989 603 2052 teste
627 1988 796 2066 Cicerone,
821 1987 976 2053 Academ.
995 1989 1040 2051 II.
1055 2005 1115 2069 42:

123 2089 175 2155 hic
188 2091 342 2177 summum
367 2088 471 2152 bonum
492 2087 532 2175 est
554 2091 586 2153 in
608 2088 654 2152 bis
676 2088 761 2154 rebus
788 2089 820 2151 in
843 2099 978 2152 nmtram
1003 2098 1120 2175 partem

123 2192 212 2257 sveri.
248 2190 325 2277 Quo
339 2188 410 2253 loco
427 2188 506 2253 Huic
522 2186 741 2274 accipiendum
755 2187 900 2275 Aristoni,
915 2209 979 2252 non
993 2190 1119 2268 Zenoni,

123 2310 129 2353 :
145 2288 225 2355 feeit
245 2289 278 2354 J.
294 2288 445 2373 Uptonus
461 2287 568 2352 Indice
587 2286 736 2374 Epineti,
752 2287 807 2351 ubi
822 2300 972 2353 caetemm
987 2288 1028 2353 de
1043 2287 1118 2363 Phi·

123 2388 300 2476 ·sophorum
321 2388 506 2473 profeffione
524 2386 680 2474 ἀδιαφορίας
696 2388 862 2473 complura
879 2398 986 2453 notat:
1008 2388 1119 2453 confe-

123 2505 181 2557 ,ων
209 2490 374 2577 Diogenes
402 2489 547 2552 Laertius
576 2491 655 2552 Vll.
678 2491 755 2554 ⁴160.
790 2489 897 2575 ibique
933 2490 1118 2577 Menagius.

123 2598 206 2679 χῆμα
220 2592 389 2676 praeferam
404 2589 492 2652 alteri
512 2589 651 2666 tediosi,
667 2610 858 2676 quamquam
875 2611 915 2653 ne
929 2589 975 2653 illi
990 2591 1121 2676 quidem

123 2695 278 2760 ernendae
290 2699 403 2780 χρῆμα,
419 2705 507 2755 totum
522 2693 669 2778 negotium
683 2692 721 2776 est
738 2689 827 2778 pall'n'
840 2690 961 2776 gestatio
976 2703 1004 2754 ct
1011 2693 1120 2779 jobia·

123 2820 131 2860 r
157 2794 371 2881 indiffircntiae
398 2818 433 2856 ac
462 2814 643 2856 nummorum
672 2790 944 2877 triangulorumqne
972 2791 1120 2854 Platonis.

123 2898 160 2965 ed
181 2905 267 2984 χῗμα
290 2896 453 2983 proprium
477 2896 542 2958 lere
562 2895 604 2956 est
624 2893 664 2957 de
680 2893 791 2956 habitu
806 2907 839 2956 et
855 2892 964 2956 vestitu
978 2891 1120 2956 Philoso-

123 3022 248 3067 norum.
285 3000 337 3065 Sic
358 3000 390 3062 in
411 3002 462 3064 De
480 2996 625 3061 Profediu
643 2996 765 3059 Virtut.
788 3016 820 3080 p.
836 2994 888 3058 81.
905 2995 950 3057 B:
974 3002 1026 3056 τῶν
1041 3009 1121 3074 φιλο-

123 3106 187 3187 ipsis
208 3100 367 3183 βολομίναν
381 3100 441 3163 νέαν
463 3105 485 3160 oi
504 3098 614 3179 μάλνςα
628 3098 695 3159 κενοί
714 3097 735 3182 a}
754 3097 838 3179 βάρος
851 3099 898 3158 οὖα
913 3094 1033 3181 ίχοννος,
1047 3096 1121 3183 θρα-

123 3202 244 3289 »fixum
258 3204 280 3288 i}
294 3208 377 3287 χῆμα
394 3203 415 3286 νζ
434 3201 560 3281 βάδισμα
578 3201 600 3285 'l
617 3198 764 3283 πρόσωπον
778 3197 924 3285 ὑπεροψίας
938 3199 959 3284 ᾖ
975 3195 1123 3285 ὀλιγωρίας

123 3304 189 3380 edr-
214 3303 292 3369 item
315 3305 367 3384 84.
383 3306 421 3366 E.
460 3301 636 3386 Alciphron
656 3301 687 3364 in
707 3299 845 3387 Epistola
857 3297 987 3363 Thaidis
1001 3298 1041 3362 ad
1055 3300 1122 3364 Eu·

123 3402 291 3493 tydemum
310 3404 336 3464 l.
346 3421 405 3486 34:
428 3404 481 3494 Ἐξ
496 3399 525 3463 οὗ
539 3402 690 3481 φιλοσοφεῖν
701 3399 854 3476 ἐπενόησας,
869 3397 963 3480 σεμνός
976 3424 1016 3474 τις
1031 3397 1122 3482 ἐγένεο,

138 3508 192 3579 τὰς
213 3506 290 3590 ὀφρῦς
311 3504 374 3587 ὑπὲρ
391 3503 451 3575 τοὺς
467 3500 605 3586 κςοτοίφενς
624 3504 730 3585 irripere·
755 3498 815 3561 εἶτα
833 3504 917 3582 χῆμα
936 3499 1047 3584 ἔχωνῄ
1069 3502 1122 3578 βο-

123 3605 202 3669 Utor
223 3608 297 3687 perol
319 3607 428 3689 χεῖρας,
451 3606 492 3675 εἶς’
507 3606 554 3676 τὴν
574 3598 745 3680 Ἀκαδημίαν
767 3596 873 3671 enisis:
904 3597 961 3660 ubl
983 3598 1125 3662 videatur

123 3720 149 3770 t.
162 3703 347 3791 Berglerus.
383 3703 559 3765 Athenaeus
574 3702 634 3763 Xl.
654 3721 687 3784 p.
701 3714 776 3783 509.
799 3697 978 3782 elegantem
994 3699 1124 3784 apponit

123 3808 241 3896 :phippi
257 3807 384 3872 Comici
405 3805 524 3884 locum,
546 3803 632 3867 unde
651 3813 782 3889 apparet
802 3800 942 3865 Platonis
956 3800 1124 3887 discipulos

123 3924 178 3975 tm
191 3908 297 3973 barba
310 3904 526 3970 delicatiorem
540 3903 684 3967 habitum
701 3899 905 3987 conjunxisse,
924 3922 982 3964 neo
994 3900 1124 3986 τρίὲανα,

123 4006 156 4074 ed
179 4008 307 4095 χλανίδα
332 4005 462 4069 indutos
490 4003 596 4069 fuiss'e:
625 4022 721 4088 quem
748 4002 854 4066 locum
877 4000 1125 4065 emendatiorem

123 4107 205 4172 didit
227 4109 272 4171 H.
290 4104 421 4171 Grotius
441 4108 589 4189 Excerpt.
610 4102 736 4166 Comic.
756 4123 788 4189 p.
804 4102 878 4184 677.
900 4101 945 4164 ita
967 4114 1071 4166 tamen
1091 4116 1128 4166 ut

123 4206 172 4273 liis
185 4207 306 4295 aliquid
320 4205 560 4291 expurgandum
576 4203 783 4288 relinqueret:
807 4201 904 4266 veluti
920 4216 1005 4267 certo
1020 4202 1079 4265 hac
1094 4203 1127 4266 in

123 4296 271 4372 roderiore
284 4320 385 4392 parte,
400 4328 472 4390 quae
487 4304 659 4391 imaginem
674 4304 880 4369 adolescentis
895 4302 1075 4390 Philosophi
1088 4305 1128 4369 ad

123 4405 276 4473 licendum
292 4406 447 4493 surgentis
462 4404 623 4470 continet:

192 4514 234 4577 Εὖ
249 4514 299 4594 μὲν
311 4511 444 4596 μαχαίρᾳ
458 4511 516 4586 ξίς’
532 4509 603 4595 ἔχων
617 4507 798 4594 τριχώματα,

194 4611 235 4675 Εὖ
250 4615 269 4675 d
286 4608 439 4684 ὑποκαθιεὶς
454 4606 546 4689 ἄτομα
560 4607 694 4691 πώγωνος
709 4608 796 4683 fissis,
