2684 5258
128 326 188 378 540
270 319 309 378 D.
322 319 374 378 W.
394 317 601 378 ANIMADV.
623 310 671 378 IN
680 310 920 377 'mmaacnr
940 316 1019 377 Lm.

124 485 164 564 τῷ
187 484 262 564 αὐτῷ
283 480 333 545 vel
355 487 402 543 τοῦ
424 480 519 560 αὐτοῦ)
546 482 578 543 ri
600 483 662 563 ἐμὸν
685 472 844 565 φθῦνῖιὸας
865 480 914 542 xal
940 481 976 542 tl
998 479 1145 566 ἄλλοίςιπ.

124 582 268 645 Verbum
282 581 371 646 estin
389 581 548 645 Plutarchi
563 581 750 668 opp-Mor.
771 603 804 667 p.
816 582 872 668 96.
887 581 926 644 E.
950 579 1023 645 Vn.
1038 600 1069 666 p.
1080 599 1143 665 νος.

125 684 162 746 Β.
189 686 397 764 συνομοπαθεῖν.
447 676 651 768 Adjefflvum
675 687 814 764 ὁμοπαθὴς
842 680 945 745 habet
968 679 1141 745 Plumrcbus

125 784 210 868 Opp.
234 784 320 846 Mor.
342 803 380 867 p.
391 782 444 865 96.
460 783 504 845 D.
536 799 611 867 491,
629 783 673 847 A.
703 783 776 864 708.
790 783 834 846 D.
860 800 937 866 921.
952 782 999 847 D.
1033 781 1138 845 Arilic-

123 884 203 946 tclcs
220 882 374 947 Problem.
391 884 432 944 V.
450 901 502 948 22.
535 883 721 970 Cognatum
736 885 779 949 esi
791 883 927 947 verbmn
940 888 1101 963 συμπιθᾶν,
1112 898 1139 946 et

123 985 204 1068 siepe
218 983 394 1069 promiscue
406 985 605 1071 usurpatum,
620 999 658 1050 ut
672 985 733 1050 alia
746 985 890 1072 ejusdcm
905 984 1137 1071 compostionis,

122 1085 218 1149 veluti
239 1086 394 1168 ὁμοσκηνέω
410 1101 445 1153 et
463 1087 614 1167 συσκηνίαν,
633 1100 668 1153 et
681 1102 815 1154 catera:
840 1110 1037 1174 quamquam
1058 1087 1136 1152 disc

122 1201 197 1251 runt
210 1201 244 1251 ct
263 1189 385 1254 ratione
406 1189 590 1255 differentiae
602 1189 737 1274 ipsarum
751 1189 1012 1274 praepositionum
1033 1195 1094 1270 6μώ
1109 1202 1136 1252 οι

121 1289 181 1365 σὺν,
201 1302 236 1351 et
251 1288 310 1353 usu
324 1301 471 1354 accurate
487 1289 699 1374 loquentium.
742 1289 785 1352 Et
803 1287 945 1373 primurn
966 1288 1090 1374 quidem
1108 1288 1134 1352 iu

122 1394 188 1468 ὁμοῦ
207 1389 309 1476 major
324 1389 368 1453 est
387 1389 433 1452 vis
457 1388 701 1477 conjunsiionis,
723 1391 766 1453 esi
782 1388 882 1473 fimus
905 1391 1034 1476 pariter,
1054 1390 1135 1455 eaden

121 1490 178 1554 loco
197 1505 225 1554 es
239 1502 371 1576 tempore,
394 1491 550 1578 eodemque
570 1490 692 1574 cartffia:
714 1492 774 1570 cir,
790 1514 867 1569 curn,
885 1491 973 1555 nude
986 1491 1081 1556 habet
1090 1494 1134 1578 fr·

121 1592 252 1656 rietatem
272 1591 404 1670 arrianis,
430 1591 579 1679 puffionir‚
601 1592 667 1656 soci.
710 1594 797 1678 Ergo
819 1590 853 1655 in
874 1591 925 1655 his
944 1593 1047 1657 verbis
1066 1593 1133 1656 hanc

120 1690 330 1775 differentiam
354 1693 603 1757 observavimus:
635 1696 779 1772 ὁμοπαθεῖν
804 1691 925 1756 dicitur
951 1692 993 1757 de
1017 1695 1132 1780 propin-

120 1794 191 1878 quis
210 1810 243 1859 et
260 1794 450 1880 conjnnfflm
465 1793 544 1858 illud
566 1793 661 1858 etiarn
683 1792 724 1858 dc
746 1793 876 1857 remotis
898 1816 937 1858 ac
958 1794 1132 1882 disjunslis:

121 1895 183 1957 hoc
206 1895 245 1958 de
265 1894 490 1974 multisf-illud
504 1895 602 1958 ctiam
621 1894 663 1959 de
681 1895 809 1981 paucis:
833 1894 867 1958 in
884 1895 949 1960 hoc
965 1919 1031 1960 una
1047 1899 1085 1962 est
1097 1897 1134 1960 ris

121 2017 177 2079 pur
198 1995 315 2058 multas
337 2017 387 2058 res
407 1994 520 2058 diffusa
540 1994 654 2081 easque
672 1995 887 2081 conjungens,
912 1996 948 2061 in
966 1997 1024 2061 illo
1038 1998 1133 2061 multa

119 2117 168 2158 res
181 2095 221 2157 ad
236 2116 331 2157 unam
346 2095 411 2158 vim
427 2094 588 2182 finemque
600 2095 834 2180 conspirantes:
859 2096 893 2158 in
912 2096 976 2160 hoc
992 2097 1132 2184 intelligi·

119 2209 170 2260 tur
187 2207 275 2260 ceria
288 2195 389 2261 caussa
406 2210 511 2280 partes
527 2194 669 2281 jungens
689 2208 723 2258 et
744 2195 784 2258 ad
801 2195 989 2261 consensum
1003 2219 1132 2272 morena,

118 2299 151 2362 in
174 2299 229 2362 illo
248 2298 379 2363 subinde
392 2298 441 2362 vol
453 2299 517 2363 fine
530 2311 618 2361 certa
629 2297 733 2362 caussa
752 2319 802 2360 res
821 2296 921 2360 etiarn
936 2298 1133 2362 remotissime

118 2413 232 2463 mutuo
245 2398 362 2475 silesia
374 2398 616 2484 continguntur,
631 2396 716 2461 unde
726 2397 909 2485 sympathia
923 2420 1042 2462 nomen
1063 2398 1133 2482 sepe

116 2522 175 2586 pro
191 2500 276 2564 inani
290 2499 449 2586 opinionis
464 2512 646 2562 commento
658 2496 806 2561 habitum
817 2498 872 2561 cst.
895 2498 1046 2584 Denique
1058 2496 1132 2584 quod

115 2605 159 2667 esi
180 2603 212 2666 in
237 2603 415 2686 bomorymia
441 2615 474 2665 et
490 2599 665 2685 sy'noryrrria
685 2598 863 2675 discrimen,
887 2598 975 2662 idern
997 2601 1072 2662 inest
1090 2599 1131 2661 his

115 2705 235 2769 verbis:
260 2708 417 2785 ὁμοπαθεῖν,
433 2717 471 2766 ιιι
485 2704 692 2786 homonymum,
708 2700 752 2762 cst'
765 2720 882 2763 nornen
896 2701 1025 2785 generis
1040 2699 1130 2764 diver·

115 2807 161 2870 sas
177 2807 293 2868 sonnas
307 2803 502 2867 continentis
517 2819 550 2866 et
565 2825 630 2867 uno
646 2803 785 2867 notionis
800 2802 1002 2889 nominisque
1017 2800 1130 2867 vinculo

115 2905 360 2991 conjungentisr
384 2903 416 2965 in
438 2909 603 2984 συμπαθεῖν,
630 2917 668 2968 ιιι
694 2904 894 2990 synonymia,
919 2905 994 2968 sunt
1016 2902 1128 2968 diversa

28 3060 31 3073 .
113 3010 224 3074 fonnae
239 3005 378 3092 ejusdcm
396 3005 534 3093 generis,
549 3005 672 3070 diversis
694 3005 877 3069 nominibus
898 3006 1076 3091 appellatae,
1094 3001 1128 3065 ad

112 3108 259 3173 eamdem
284 3107 411 3194 generis
432 3105 632 3193 nominisque
653 3106 914 3171 communionem
941 3105 1126 3172 contenden-

113 3224 173 3274 tes.

29 3294 35 3300 '
154 3329 207 3393 72.
226 3310 265 3376 c.
286 3312 380 3390 ‘rm
394 3312 414 3371 r
430 3309 506 3372 ria.
521 3310 653 3393 κου-ι
681 3308 773 3372 mm
785 3308 829 3370 N.
847 3310 919 3371 116.

155 3431 208 3494 72.
224 3413 262 3474 C.
287 3410 425 3498 Πάνδαρε,
439 3419 490 3474 ποῦ
503 3436 544 3473 τοι
558 3409 690 3495 assub]
718 3408 808 3473 iliad.
824 3412 862 3473 Ε.
881 3427 954 3491 171.

153 3530 205 3595 72.
222 3513 262 3575 C.
284 3515 321 3575 ‘0
335 3516 355 3574 δ’
370 3513 486 3585 Οἰδίπυς
498 3514 593 3597 πῦ-]
619 3511 778 3598 Euripidis
796 3509 940 3575 Phoeniss.
959 3511 1052 3575 1⁶82.
1101 3546 1113 3564 -’

94 3623 96 3626 ’
153 3632 205 3696 72.
218 3613 256 3677 C.
279 3614 316 3675 ‘0
329 3617 422 3675 πολλοὶ
435 3616 464 3690 δὴ
478 3615 603 3698 τιοὶς-]
630 3611 789 3698 Euripidis
804 3610 940 3675 Hercul.
951 3615 1025 3675 Fur.
1041 3625 1127 3693 1²5⁰·'

108 3729 141 3779 ct
157 3717 195 3780 src
209 3713 306 3800 longe
320 3713 422 3799 major
434 3735 505 3799 pars
519 3713 681 3793 codicum,
700 3712 841 3799 exceptis
860 3712 989 3777 Schott.
1003 3716 1123 3778 lannot.

108 3819 187 3880 πολὺ
208 3819 290 3893 τλὰς,
305 3829 338 3878 ct
351 3817 390 3879 T.
405 3816 445 3878 V.
465 3815 627 3889 πολύτλας,
648 3836 812 3900 perperam
832 3835 871 3877 ex
894 3815 1068 3879 Homerica
1083 3813 1123 3876 le·

108 3918 213 3981 silone
234 3939 253 3979 a
274 3915 406 3979 librariis
428 3914 586 3978 invecium
601 3915 708 3978 censet
721 3914 953 3978 Valckenarius
974 3914 1016 3979 ad
1038 3914 1123 3980 Phoe-

107 4019 174 4081 niff.
190 4020 297 4083 locum
314 4016 410 4082 modo
424 4029 582 4081 notatum.
621 4017 768 4082 Imitatus
790 4020 833 4082 est
852 4017 1041 4082 Plutarchus
1060 4018 1123 4080 An·

108 4117 197 4185 tonio
213 4140 244 4201 p.
261 4138 335 4203 944.
350 4120 404 4182 D:
427 4117 674 4206 συναρπαζομένους
690 4124 755 4207 spois
770 4124 800 4182 is
816 4124 861 4196 τῆς
874 4123 970 4183 πολλὰ
984 4123 1012 4198 δὴ
1026 4117 1123 4191 πλέοις

106 4216 243 4289 Ἑλλάδος
257 4218 445 4305 ὁδοιπὸςιις-.
