2684 5258
249 687 307 751 ιιι.
320 667 639 752 menstruanus.
653 690 707 751 as
720 689 1006 767 sumopere.
1085 700 1144 764 ιιι

125 849 173 915 ire
193 853 380 938 putrescens,
407 852 503 939 plura
524 852 565 919 de
588 854 742 919 vocabulo
763 865 912 941 petantur
932 853 973 919 ab
1000 851 1047 918 H.
1069 851 1142 921 Ste-

125 950 219 1017 hano
244 950 341 1016 Thes.
366 954 405 1017 L.
426 955 485 1018 Gr.
509 953 626 1018 Τ.ΙΙΙ.
649 975 682 1041 p.
699 974 773 1040 230.
796 968 829 1018 et
851 951 1143 1040 Interpretibusad

125 1051 310 1138 {esychium
326 1074 394 1117 voc.
412 1053 505 1117 [lenm
520 1068 553 1117 et
566 1053 678 1119 Πὲτωι.
712 1053 793 1119 Sic
785 1078 817 1119 m
838 1054 954 1118 eadem
964 1076 998 1119 re
1013 1054 1142 1121 Plautus

125 1150 184 1217 dil.
200 1151 295 1217 Glor.
311 1155 353 1217 V.
368 1172 432 1238 31.
463 1153 541 1218 mitis
551 1157 624 1242 sum
644 1154 835 1319 equidemu
790 1152 934 1241 fastibus.
977 1153 1143 1219 Aulularia

126 1252 172 1316 Il.
193 1271 225 1318 2.
248 1252 289 1316 8:
327 1254 377 1316 Ita
392 1253 526 1339 firstibus
543 1257 615 1343 sum
639 1256 697 1320 mol
696 1254 769 1336 line·
786 1280 875 1344 prtum
895 1253 977 1319 ullus
997 1255 1140 1329 dnaedus.

125 1354 277 1420 Terentius
291 1354 434 1441 Adelph.
451 1356 496 1420 ll.
513 1376 543 1423 2.
554 1374 616 1443 37:
635 1382 774 1422 -omnes
789 1358 887 1421 dentes
900 1355 1036 1442 labefecit
1051 1356 1140 1420 mihi.-

125 1457 263 1520 ’raeterec
277 1455 407 1544 colaphis
429 1457 512 1521 tuber
532 1459 572 1545 est
594 1471 685 1523 totum
705 1471 803 1549 caput.
839 1458 939 1532 Σικυός
957 1457 1067 1538 nixus,
1086 1481 1139 1521 cu·

125 1560 361 1640 miseraturus,
378 1561 409 1626 in
427 1561 629 1627 fimilitudine
648 1563 794 1629 mollitiei
812 1562 951 1648 ponitur
961 1584 981 1626 a
998 1561 1140 1627 Cornicis

125 1662 192 1751 pud
208 1663 404 1727 Athenaeum
422 1665 466 1728 ΙΙ.
482 1687 515 1750 p.
527 1665 627 1730 68.D
594 1666 695 1730 D.in
714 1664 764 1729 his
778 1687 797 1729 a
809 1663 1021 1749 Theopompo
1034 1689 1139 1745 -μα-

125 1864 221 1928 odice
243 1863 456 1929 Florentino
448 1888 481 1930 ιιι
503 1866 673 1931 collatione
696 1834 906 1931 Gronoviana.
947 1863 1022 1928 Alia
1040 1863 1138 1929 etiam

124 1966 275 2030 ideantur
287 1964 372 2051 apud
387 1965 534 2032 Colvium
548 1967 589 2032 ad
601 1967 732 2054 Apuleii
747 1963 884 2031 hletam.
899 1968 927 2031 1.
942 1986 976 2052 p.
989 1979 1043 2051 53.
1058 1964 1137 2031 edit.
1244 2027 1247 2033 ,

125 2065 257 2131 ludend.
280 2066 335 2152 qui
348 2067 436 2132 hunc
449 2089 467 2132 e
488 2068 658 2134 Plutarcho
672 2068 781 2133 locum
796 2067 921 2133 Comici
935 2067 993 2132 sub
1007 2065 1138 2132 nomine

125 2168 280 2234 senandri
303 2170 430 2234 adsert:
466 2171 631 2235 Erasmum
659 2170 766 2258 Adag.
797 2169 929 2258 Spongia
959 2168 1073 2233 mollior
1102 2190 1136 2254 p.

125 2287 202 2356 273.
228 2269 404 2350 Ciuicam,
418 2271 474 2358 qui
494 2272 580 2337 hunc
600 2271 709 2336 locum
730 2271 764 2334 in
782 2268 981 2357 Fragmentis
994 2270 1135 2337 Menane

125 2369 288 2457 riposuit,
307 2394 372 2435 non
394 2372 674 2458 reprehendimusz
697 2385 731 2437 at
744 2371 832 2460 quod
854 2371 1030 2437 Comoediae
1054 2370 1135 2435 titu-
1230 2433 1234 2440 .

125 2493 171 2535 ιιιι
188 2471 371 2557 praeposuit,
395 2495 459 2537 non
480 2474 664 2560 probamus.
701 2475 787 2537 Nam
807 2473 827 2536 sr
844 2473 948 2537 suisset
964 2471 1136 2543 Menandri

125 2571 278 2636 {ornoedia
295 2578 318 2634 ot
338 2575 489 2659 ςραῖιῶται,
505 2587 612 2639 tamen
628 2573 681 2638 hic
695 2573 784 2638 locus
803 2572 905 2660 magis
927 2573 959 2637 in
984 2572 1135 2638 Colacem

125 2673 300 2754 cnveniret,
318 2689 355 2738 ut
372 2675 469 2740 modo
485 2675 669 2739 monuimus
683 2697 758 2739 eum
780 2674 826 2738 illi
847 2674 941 2760 plane
954 2673 1134 2752 convenire.

125 2779 203 2840 lunc
225 2775 266 2841 ab
287 2798 353 2840 uno
373 2799 476 2863 eoque
495 2775 644 2841 leviffimo
658 2775 854 2841 documento
875 2775 959 2840 illius
972 2775 1087 2841 fabule
1102 2789 1136 2840 et

125 2876 244 2943 ominis
263 2877 432 2943 audiorims
455 2879 597 2962 suspensa
617 2878 678 2942 ert:
706 2878 769 2942 hoc
791 2875 954 2956 nimirum,
977 2876 1064 2962 quod
1086 2879 1133 2943 H.

125 2977 239 3043 irotius
260 2977 293 3044 in
317 2978 485 3065 florilegio
504 2980 675 3044 Stobaeano
695 2979 759 3043 Tit.
777 2979 834 3045 IV.
858 2999 890 3064 p.
905 2980 957 3046 26.
984 2979 1041 3043 uni
1061 2979 1135 3049 loco

125 3077 341 3143 lenandreum
364 3081 486 3142 versum
507 3078 651 3164 proxime
673 3077 826 3165 sequenti,
852 3076 1010 3165 adscripsit
1039 3077 1133 3159 idem,

125 3176 283 3241 stlitibus.-
312 3199 408 3264 quam
430 3176 667 3292 inscriptionem
692 3198 820 3264 quoque
842 3177 1015 3262 reposuit
1008 3200 1039 3242 ιιι
1065 3179 1132 3241 Ex-

125 3279 220 3365 erptis
241 3301 274 3366 p.
266 3296 364 3362 ..742
401 3278 504 3366 Atqui
518 3301 621 3365 neque
636 3278 669 3343 in
684 3279 752 3365 ejus
766 3278 912 3364 exemplo
927 3279 1132 3366 Gesneriano,

125 3377 154 3443 ui
175 3379 232 3443 sua
245 3378 310 3464 ipse
324 3399 424 3442 manu
436 3377 594 3464 adscripsit
608 3378 706 3443 varias
723 3377 875 3443 lestiones
889 3378 1026 3443 duorum
1042 3378 1133 3445 eodi-

125 3501 179 3545 um
201 3479 423 3558 Parifienfium,
438 3478 501 3543 hoc
523 3478 776 3543 additamentum
797 3478 990 3565 Στρατιώταις
1011 3482 1131 3547 exstat:

125 3608 208 3673 eque
222 3585 255 3649 in
270 3585 336 3650 ulla
348 3584 489 3650 editione
500 3584 562 3648 alia
572 3584 738 3670 reperitur,
751 3585 809 3648 five
823 3583 947 3648 duabus
962 3585 1132 3671 prioribus,

125 3688 352 3754 'rincavelliana
373 3702 407 3753 et
427 3689 629 3766 Gesneriana,
653 3688 712 3751 five
732 3685 894 3751 noviffima
912 3687 957 3750 N.
977 3684 1131 3767 Schowii,

125 3788 195 3878 ujus
210 3812 275 3854 una
288 3812 360 3876 pars
374 3791 518 3855 continet
532 3789 655 3855 Titulos
670 3787 895 3875 septemdecim
910 3786 1042 3874 priores,
1055 3787 1131 3859 reli.

125 3914 174 3956 ute
187 3889 338 3956 incendio
351 3893 598 3976 conflagrarunt,
618 3889 704 3976 quod
726 3904 759 3952 et
776 3888 955 3953 Literarum
969 3899 1003 3951 et
1021 3887 1131 3961 erudi2

125 3994 208 4060 ffimi
222 3993 352 4058 editoris
369 3995 474 4058 caussa
486 3993 689 4058 vehementer
702 3991 860 4056 dolemus.
895 3989 959 4056 Sed
973 3989 1036 4070 fac,
1051 3990 1135 4067 illud

125 4094 294 4160 irotianum
321 4093 577 4159 additamentum
605 4095 770 4183 ςςατιώταις
794 4116 833 4158 ex
858 4093 991 4180 antiquo
1019 4092 1132 4158 codice

125 4193 236 4275 enissc;
259 4217 323 4258 non
339 4209 445 4259 tamen
461 4195 524 4259 hoc
537 4216 603 4258 uno
616 4209 807 4282 argumento
822 4194 1019 4272 conficiatur,
1034 4192 1131 4281 hujus

125 4294 241 4361 ominis
262 4293 456 4381 peculiarem
484 4295 573 4359 fuisse
599 4295 771 4360 Menandri
792 4293 944 4358 fabulam.
988 4295 1075 4369 Nam
1097 4306 1131 4358 et

125 4419 166 4463 ao
179 4395 302 4482 reliqua
314 4396 495 4483 fragmenta
507 4418 526 4460 a
540 4394 665 4460 Clerico
680 4396 737 4460 sub
752 4396 815 4460 hoo
829 4394 945 4459 fabulae
960 4393 1054 4458 titulo
1067 4415 1128 4480 po·

125 4511 169 4578 ta,
182 4499 302 4564 senata
321 4498 408 4584 apud
430 4497 636 4563 Plutarchum
651 4500 737 4585 Opp.
753 4500 840 4563 Mor.
861 4519 894 4584 p.
909 4513 985 4584 547.
1004 4493 1077 4562 sunt
1090 4520 1130 4563 ex

125 4600 234 4667 erfone
253 4598 370 4672 Militis
392 4599 544 4685 Gloriofi3
566 4597 667 4685 igitur
686 4622 705 4667 e
722 4598 831 4665 sabula
849 4599 954 4666 Colace
966 4600 1070 4668 sumta
1082 4599 1128 4666 vi·

583 4698 656 4783 114

1162 4939 1165 4943 ,
1204 4738 1267 4944 s
