2684 5258
187 747 530 820 rnrnurnncnr
551 751 702 820 orem.-
719 753 940 824 Mortui.
1057 781 1078 846 9

49 947 218 1014 accurate
245 937 420 1011 confutati
445 936 488 1010 ab
517 939 665 1011 Emesto
686 938 730 1011 ad
752 937 934 1031 Tacitum,
961 951 1094 1015 tamen.

50 1063 231 1159 hodieque
248 1064 285 1133 in
301 1060 404 1133 simili
419 1084 547 1158 genere
561 1060 639 1134 suos
654 1062 786 1133 habent
801 1063 1003 1136 imitatores.

115 1185 301 1259 Caeterum
334 1185 516 1280 interpres,
546 1208 656 1279 quum
690 1184 726 1254 id
758 1208 858 1282 agere
886 1184 1014 1258 debent
1042 1198 1082 1260 ut

54 1306 223 1380 Audieris
240 1305 504 1404 intelligentiam
523 1309 663 1402 aperiat,
680 1306 729 1378 ita
748 1306 869 1380 scribet
885 1319 926 1380 ut
942 1308 1012 1405 ipse
1027 1310 1082 1381 in-

56 1430 245 1527 telligatur.
299 1430 375 1529 Qui
396 1429 491 1500 enim
513 1452 586 1500 non
602 1428 670 1526 ipse
686 1427 903 1527 intelligitur,
919 1456 978 1503 nae
995 1431 1082 1505 isut

56 1551 196 1624 Audtor
219 1550 431 1648 intelligatur
455 1575 528 1623 non
554 1549 695 1623 efficiet·
744 1551 857 1648 Igitur
880 1576 987 1626 omne
1009 1556 1082 1628 stu-

56 1674 157 1746 dium
175 1674 212 1745 in
228 1673 468 1770 perspicuitate
484 1685 602 1770 ponet.
640 1676 760 1774 Quam
777 1675 918 1770 quidem
934 1675 1083 1749 vidimus

55 1821 78 1868 a
92 1795 346 1893 compluribus,
358 1800 450 1893 qu'os
470 1797 651 1869 nominare
673 1821 745 1868 non
769 1797 818 1869 est
840 1822 940 1895 opus,
957 1797 1082 1869 doetis-

55 1918 152 1991 srmis
174 1919 281 1991 etiam
303 1920 396 2006 viris,
419 1919 506 1990 adeo
528 1918 723 2017 neglettam
740 1919 826 2006 esse,
843 1934 886 1992 ut
912 1919 999 2017 saepe
1014 1921 1083 1993 mi-

55 2043 134 2114 nori
155 2042 299 2139 negotio
322 2040 421 2113 locus
439 2041 606 2115 Auctoris
628 2065 734 2139 quam
757 2040 893 2115 illorum
909 2042 1102 2139 Interpre*
1160 2022 1168 2036 ’

56 2165 147 2236 tatio
164 2162 388 2260 intelligetur.

121 2286 218 2358 Haec
232 2282 306 2382 'ego
328 2311 439 2383 quum
456 2297 492 2356 et
509 2284 583 2356 aliis
599 2284 683 2356 locis
699 2284 950 2382 disputaverim,
967 2299 1005 2358 et
1020 2286 1082 2360 sae·

58 2411 142 2505 pius
166 2406 418 2496 inculcaverim,
442 2420 478 2480 et
503 2408 571 2479 hoc
595 2407 672 2478 loco
695 2408 880 2496 retulerim,
897 2433 1014 2506 neque
1030 2421 1083 2482 ta-

59 2555 145 2602 men
162 2553 199 2602 re
215 2541 251 2601 et
267 2529 358 2602 fano
374 2530 535 2626 consequi
549 2543 585 2601 et
601 2529 736 2627 explere
752 2532 943 2628 potperim;
961 2556 1085 2603 vereor

58 2679 104 2725 nc
133 2653 225 2748 apud
253 2652 430 2750 plerosque
457 2654 493 2724 in
517 2654 678 2724 vanitatis
704 2653 1001 2749 reprehenfionem
1028 2656 1082 2726 in·

57 2801 210 2847 curram.
261 2775 311 2847 Et
327 2775 448 2862 fateor,
466 2775 556 2846 hanc
574 2774 676 2872 ipsam
694 2777 942 2872 cogitationem
967 2801 1025 2846 me
1047 2778 1083 2846 in

59 2898 267 2970 maturanda
307 2897 653 2970 Animadverfionum
696 2897 847 2968 editione
891 2878 1083 2972 retardasse.

58 3022 164 3106 Sane,
182 3020 297 3091 multo
318 3021 367 3092 est
385 3019 518 3092 facilius
542 3023 624 3092 artis
653 3020 822 3091 rationem
841 3043 947 3114 quam
970 3017 1083 3107 usum,

59 3143 154 3238 quod
182 3142 291 3238 vulgo
318 3144 416 3214 aiunt
442 3142 607 3213 theoriam
638 3166 742 3238 quam
770 3146 913 3237 praxin,
945 3155 1083 3214 tenere:

59 3264 193 3337 facilius
209 3265 259 3335 est
275 3265 364 3336 bene
380 3264 503 3353 dicere,
521 3290 627 3361 quarn
650 3264 761 3336 facere
776 3293 786 3346 3
813 3263 905 3361 leges
927 3264 1083 3352 scribere,

60 3413 164 3482 quam
197 3387 305 3482 sequi.
356 3387 452 3458 Nam
483 3398 525 3458 ut
555 3385 701 3483 reliquas
725 3388 887 3458 omittam
912 3398 1014 3475 antee,
1040 3387 1085 3458 de

60 3509 316 3606 interpretandi
344 3521 417 3581 arte
445 3508 714 3605 quotusquisque
743 3509 790 3580 esl
819 3510 904 3604 quin
929 3510 1086 3604 judicare

63 3631 122 3702 fibi
146 3633 242 3728 posse
266 3633 439 3704 videatur:
466 3630 736 3729 quotusquisque
760 3655 803 3702 ex
828 3630 1084 3702 innumerabili·

63 3753 126 3825 bus
152 3754 296 3849 Logieae
321 3766 366 3829 et
379 3753 581 3826 dodtoribus
603 3765 639 3823 et
661 3752 889 3849 scriptoribuS,
908 3755 994 3847 quin
1010 3757 1086 3845 ejus

63 3879 142 3948 artis
159 3877 331 3949 rationem
347 3901 387 3947 ec
404 3889 589 3973 praecepta,
608 3874 714 3947 veluti
731 3901 773 3945 ex
789 3873 922 3967 tripode
937 3872 1085 3960 oracula,

64 3998 248 4071 decantet:
274 3998 377 4071 rudes
404 3998 557 4094 plerique
582 4020 704 4069 omnes
729 3996 772 4066 ab
797 3996 894 4066 omni
918 3995 1086 4068 Veterum

66 4119 212 4194 ledtione
235 4145 275 4192 ac
298 4121 421 4193 studio.
475 4120 572 4220 Quid
596 4121 715 4217 igitur,
739 4117 830 4189 dicat
847 4119 937 4214 quie,
961 4122 1086 4190 caullie

67 4244 124 4329 etl,
141 4243 239 4341 quod
265 4255 304 4315 tu
330 4245 390 4340 qui
413 4245 521 4316 vitam
547 4243 584 4313 in
607 4243 775 4314 Veterum
798 4239 947 4312 lectione
963 4240 1087 4310 consu·

69 4366 142 4453 mie,
173 4366 471 4462 Interpretationis
494 4366 665 4435 rationem
691 4377 728 4435 et
752 4362 908 4433 officium
933 4363 1089 4433 oratione

69 4487 285 4582 probabiliter
301 4487 472 4585 defignas,
498 4513 534 4558 re
557 4498 594 4558 et
616 4486 751 4558 aelione
768 4509 840 4556 non
861 4487 943 4556 item
966 4485 1088 4578 proba-

71 4607 177 4684 biliter
200 4610 343 4709 exples?
371 4610 456 4706 quid
478 4611 537 4699 est,
559 4609 652 4704 quod
670 4606 992 4680 Animadversiones
1017 4619 1088 4678 turc
