2684 5258
131 25 1305 321 -Ι

278 746 336 807 DE
355 747 581 831 AUDIENDIS
600 747 746 810 POE'I'IS.
766 756 855 827 p.23.
868 750 908 812 A.
939 766 942 771 ·
1049 754 1108 823 8³7

131 906 529 995 emmlliad·1·457·5⁶5·
552 911 658 1000 odyn
671 914 796 1001 K·491·
815 916 974 1000 534564·
995 917 1108 998 A·47=

131 1011 257 1077 rhodum
268 1012 438 1098 Theogon.
450 1028 524 1096 774.
548 1014 623 1079 Huc
637 1015 734 1080 etium
748 1016 947 1081 referendum
962 1017 1005 1081 est
1015 1016 1110 1081 scho-

131 1140 163 1182 m
185 1116 287 1181 Procli
308 1115 349 1179 ad
370 1115 500 1180 Hesiodi
521 1115 628 1180 locum
645 1118 835 1202 superiorem
852 1118 940 1206 Ἔῃ.
955 1121 1029 1204 643.
1051 1121 1110 1205 Νὴ

131 1219 300 1305 isne-aleris
327 1218 355 1282 li
380 1245 449 1294 τινες
472 1225 664 1306 «rependitur
686 1218 860 1307 σαρέλαέον,
888 1219 978 1307 ὥσπερ
1005 1225 1112 1308 ἐπαινὴν
1229 1224 1231 1228 ’

131 1322 294 1407 empireum
310 1319 429 1407 quode
443 1319 567 1406 perdito
584 1320 744 1386 Plutarchi
755 1322 993 1387 Commentario
1006 1321 1110 1387 fluxit.

131 1439 179 1486 tun
198 1423 240 1487 est
268 1443 328 1486 nec
353 1421 425 1486 setis
447 1420 588 1507 cogitata
609 1422 727 1487 Krebfii
752 1422 926 1487 sententiar
960 1427 985 1462 “
1001 1423 1110 1488 Caete-

141 1528 231 1604 tum,’'
254 1523 372 1609 inquit,
395 1530 421 1562 “
432 1522 518 1608 quod
540 1523 726 1587 Plutarchus
740 1524 903 1588 sententiae
917 1524 1109 1590 suaeconlir·

131 1625 250 1691 'mndte
272 1625 315 1689 de
337 1625 564 1710 fignificatione
583 1631 621 1686 τῦ
642 1629 753 1688 ἐπαινεῖν
775 1647 832 1710 pro
856 1649 923 1688 recu
936 1648 987 1688 are
1009 1625 1109 1705 addit,

140 1727 322 1814 Πιςνεφὸνειαν
344 1725 409 1788 dici
432 1729 536 1801 ἐπαινὴν
561 1747 619 1810 pro
639 1731 824 1813 παραιτητὴν,
849 1725 882 1789 id
905 1725 1054 1817 putidum
1077 1740 1111 1790 et

139 1823 269 1915 ineptum
284 1827 339 1890 est.
376 1827 458 1912 Quis
471 1825 557 1897 enirn
570 1829 603 1889 τὸ
617 1831 721 1904 ἐπαινὴν
735 1849 753 1891 a
765 1834 805 1912 τῷ
819 1826 890 1900 αἶνος
904 1825 982 1904 Inus,
998 1840 1031 1890 et
1044 1849 1112 1891 non

140 1931 231 2015 potius
243 1931 284 1993 ab
299 1930 368 2003 αἰνὸς
385 1929 506 2014 gravis,
522 1928 671 1991 horribilis
684 1928 857 1992 deductum
872 1942 964 2013 putet
974 1929 1009 1991 ?”
1040 1929 1110 1993 Ne·

131 2049 158 2095 ue
176 2031 257 2095 enim
287 2029 472 2093 Plutarchus
500 2029 545 2093 ita
568 2029 757 2114 pronunciat
778 2051 797 2092 e
819 2029 873 2092 sua
896 2029 971 2115 ipse,
996 2028 1048 2093 sed
1072 2051 1112 2093 err

131 2124 332 2192 holmetiam
352 2126 518 2205 sententia,
539 2127 610 2204 ἔνιοι,
626 2126 704 2201 τινές.
741 2129 857 2213 Neque
877 2127 940 2191 hoc
962 2127 1112 2212 putidum
1162 2208 1165 2215 ν

131 2238 139 2290 t
153 2227 289 2316 ineptum
311 2229 364 2292 est.
406 2227 496 2292 Licet
509 2227 595 2292 enirn
610 2228 751 2315 plerique
767 2229 975 2294 Grammatici
989 2231 1029 2293 ab
1042 2233 1113 2311 αἰνὸς

131 2329 194 2393 ravis
217 2329 432 2414 repetiverint,
455 2343 561 2392 tamen
586 2344 619 2394 et
642 2329 822 2416 Hesychius
846 2345 1015 2417 utramque
1041 2353 1110 2395 me-

131 2447 195 2495 rorat
214 2430 473 2517 fignificationem
492 2431 525 2494 in
544 2453 621 2495 voce
639 2432 762 2509 Ἐπαινὴ·
787 2434 918 2511 ἐπαινετὴ·
944 2432 959 2510 ὴ
981 2437 1045 2511 δεινὴ
1067 2432 1113 2514 καὴ

131 2528 199 2618 tingri.
231 2532 358 2597 Deinde
373 2532 442 2606 αἶνος
463 2547 496 2597 et
512 2535 582 2607 αἰνὸς
603 2532 675 2596 sunt
691 2531 861 2619 conjunciu
881 2548 914 2598 et
934 2532 1057 2622 origine
1078 2550 1113 2600 ct

131 2633 331 2714 gnificatione3
355 2646 392 2696 ut
413 2648 506 2697 acute
528 2633 638 2697 docuit
662 2636 693 2699 J.
716 2637 802 2698 Dan.
826 2635 1006 2720 Lennepius
1031 2638 1112 2722 Ery-

131 2731 179 2796 nol.
190 2735 244 2797 Gr.
258 2737 295 2798 L.
317 2757 351 2820 p.
368 2752 420 2817 75.
456 2737 538 2799 Tum
554 2735 665 2798 cadem
687 2735 867 2820 Proserpina
886 2735 1002 2799 dicitur
1019 2738 1112 2818 ἀγανὴ

131 2825 167 2894 ld.
177 2836 211 2895 A.
223 2850 372 2917 212.225.
383 2839 457 2918 634.
468 2833 643 2920 splendida,
658 2835 850 2911 admiranda,
867 2835 907 2898 ab
920 2836 1015 2917 ἁγάνι,
1029 2834 1114 2898 unde

131 2931 322 3013 invidenda,
348 2950 382 2998 et
408 2935 481 2997 lenis
503 2958 540 2997 ac
560 2934 684 3020 placida
703 2939 806 3020 ἀγανὴ,
829 2935 1043 3021 intelligatur:
1072 2935 1119 2999 de'

131 3052 224 3101 uorum
246 3035 302 3100 illo
324 3035 535 3100 consulendus
556 3038 598 3100 est
619 3036 704 3100 idem
729 3041 807 3102 Lex.
831 3037 971 3125 Etymol.
998 3059 1031 3122 p.
1053 3056 1112 3104 22:

131 3133 149 3198 el
164 3136 324 3202 illatobilis
347 3152 404 3201 aut
426 3138 517 3201 valde
536 3137 692 3218 laetabilis,
714 3141 754 3204 ab
772 3147 792 3202 α
811 3139 960 3205 intenfivo
981 3156 1037 3204 aut
1055 3162 1112 3204 ne·

131 3253 199 3319 aute,
218 3253 251 3304 et
271 3240 355 3324 γαύα
374 3241 513 3324 gaudeo.-
535 3239 713 3327 cujusmodi
735 3242 777 3304 est
797 3241 883 3327 apud
901 3241 1042 3327 Etymol.
1062 3243 1113 3305 M.
1247 3237 1250 3244 ¹

132 3343 179 3427 3⁶·
219 3341 370 3427 Denique
398 3341 503 3404 limilis
530 3342 766 3426 euphemismus
791 3342 872 3407 valet
900 3343 933 3406 in
959 3343 1113 3425 Εὗμενιῖες,

131 3434 279 3523 leonides,
310 3444 472 3508 Furiarum
497 3446 636 3508 nomine.
682 3447 789 3525 Certe,
815 3447 847 3510 in
876 3463 943 3511 tem
967 3447 1050 3512 varia
1077 3469 1115 3511 uc

131 3544 258 3633 tultiplici
272 3547 554 3632 antiquillrmorum
570 3548 737 3612 nominum
756 3549 992 3634 significatione,
1011 3572 1029 3613 e
1051 3570 1116 3633 quo

131 3664 206 3713 tuere
225 3652 298 3713 sunt
322 3651 466 3712 Deorum
489 3650 628 3728 nomina,
652 3651 782 3713 firmiter
802 3651 879 3735 quid
900 3651 1043 3726 statuere,
1065 3650 1115 3712 iu-

131 3761 202 3829 ptum
222 3773 259 3816 ac
279 3773 394 3813 vanum
412 3750 457 3813 lit.
495 3749 714 3815 Conl'erendus
728 3750 768 3814 de
783 3750 896 3814 eodem
911 3750 1116 3835 cognomine,

131 3848 265 3939 idemque
280 3851 510 3927 admonitione,
524 3851 569 3914 rir
587 3874 735 3937 magnus,
757 3873 816 3913 nec
840 3851 965 3914 Krebfio
987 3851 1018 3916 iu
1041 3867 1118 3921 nota

131 3945 240 4019 dhunc
264 3953 372 4016 locum
392 3952 624 4038 praeterurill'us,
639 3953 710 4017 lib.
727 3950 978 4015 Herniierhusrus
991 3950 1031 4016 ad
1050 3954 1117 4017 Lu-

131 4046 221 4118 hnum
240 4056 280 4118 T.
298 4056 324 4117 l.
348 4075 379 4138 p.
392 4055 466 4140 469.

149 4170 191 4238 23.
206 4158 247 4219 A.
270 4155 337 4218 Olor
350 4156 482 4238 ιῦθὺς-]
513 4151 620 4233 Velefi,
636 4152 757 4241 exempli
772 4154 880 4241 σαψ.
905 4154 988 4241 Vide
1002 4154 1119 4219 Anim-

131 4248 172 4317 dr.
185 4242 280 4341 p.20'.
294 4256 332 4317 E.
437 4304 441 4310 .
547 4269 549 4272 '

152 4368 194 4439 23.
209 4358 250 4420 A.
286 4355 596 4443 Ἀςχῖλιχος-Κλῦθι
618 4354 744 4441 ἅναξ-]
780 4356 837 4421 Nil
862 4357 905 4420 est
929 4356 961 4419 in
983 4354 1121 4441 antiquis

131 4451 260 4520 plicibus
288 4457 455 4520 varietatis.
511 4455 643 4520 Grotius
670 4457 758 4521 dedit
781 4460 871 4520 Knte’
893 4454 1006 4531 ἅναξ-
1026 4469 1121 4545 atquc

131 4561 157 4612 ta
170 4553 197 4619 in
213 4557 293 4621 duos
314 4571 513 4621 tetrametros
532 4555 681 4620 distinxit.
725 4561 772 4622 m
794 4558 856 4620 hoc
873 4556 1032 4622 Plutarchi
1050 4560 1122 4626 loco

131 4651 280 4721 eruerunt
292 4654 324 4721 in
339 4655 524 4744 Archilochi
543 4656 740 4742 Fragmentis
764 4655 993 4747 P.Stephanus
1008 4658 1040 4724 in
1055 4661 1121 4744 Ly-
