2684 5258
261 360 318 419 162
398 360 437 420 D.
451 360 503 418 W.
523 356 729 418 Amr-mov.
750 354 798 413 IN
818 348 1052 413 PLUTARCHI
1070 348 1150 409 mn.

260 520 347 587 deat.
375 523 422 587 At
436 520 623 588 Plutarchus
637 515 913 584 verifimilitudinia
926 514 1047 600 ubique
1059 511 1221 577 rationem
1232 506 1289 574 he·

260 623 332 689 buit
343 649 353 705 3
389 637 427 688 ut
450 622 518 709 ejus
545 642 680 686 acumen
707 642 745 682 ac
772 616 951 683 doctrinam
972 614 1082 679 mirari
1109 612 1287 689 debeamus,

261 726 331 811 qui,
351 746 451 812 quum
473 736 540 788 tam
561 723 665 788 areton
686 721 738 784 fibi
759 715 1042 804 circumscripsrll'et
1061 714 1144 779 fines
1165 712 1286 799 ususque

263 826 543 891 instrumentorum
565 824 607 890 ad
629 822 862 888 immutandam
876 819 1081 899 sententiam,
1096 830 1211 883 tamen
1228 828 1283 879 tan

262 925 380 991 multas
403 925 566 1012 speciosas,
590 948 649 990 nec
671 948 690 988 a
711 924 922 1010 grammatica
942 922 1066 987 ratione
1088 920 1282 986 abhorrentes

262 1026 327 1091 rias
341 1025 513 1112 aperuerit,
528 1026 644 1111 quibus
659 1023 830 1089 difficultas
844 1022 1057 1111 expediretur.

305 1129 368 1191 11ae
383 1127 440 1192 viae
462 1142 496 1191 et
517 1125 745 1213 interpretandi
766 1125 905 1203 rntiones
924 1146 944 1189 a
964 1122 1141 1189 Plutarcho
1154 1120 1279 1209 defigun-

262 1240 316 1307 tae,
336 1240 375 1292 ut
395 1250 448 1293 eas
469 1229 652 1293 summatim
676 1250 714 1292 ac
736 1226 886 1315 deinceps
907 1225 1051 1314 capitum
1072 1224 1188 1292 ordine
1204 1236 1278 1289 cont·

263 1329 454 1417 plectamur,
469 1328 652 1416 hujusmodi
666 1331 752 1393 sunt.

308 1434 352 1495 ll.
381 1431 510 1497 Juvenis
533 1432 641 1496 auimo
659 1430 789 1494 infixum
804 1445 838 1495 et
852 1431 885 1495 in
901 1444 1032 1516 promtu
1045 1428 1177 1511 babeat,
1192 1430 1278 1493 Poete

263 1534 406 1599 officium
420 1534 481 1599 elle
496 1533 627 1620 fingere,
641 1532 807 1597 materiam
820 1538 907 1614 μῦθον
921 1546 954 1616 et
967 1534 1075 1609 ψεῦδος·
1101 1532 1208 1597 fictum
1220 1548 1276 1593 mn·

264 1634 315 1721 gis
327 1635 481 1716 oblectat,
496 1658 593 1722 qnam
608 1658 715 1700 rerum
730 1660 737 1697 :
762 1634 832 1698 haec
852 1632 1007 1721 cogitatio
1021 1631 1180 1698 continuo
1191 1628 1277 1695 munit

265 1737 403 1825 legentis
417 1738 561 1801 animum
575 1736 718 1801 adversus
732 1734 854 1799 fabulas
868 1734 909 1799 de
922 1735 993 1813 diis,
1015 1748 1049 1799 et
1068 1734 1197 1799 inierint
1215 1750 1277 1821 qu

267 1839 389 1904 fabulae
406 1853 511 1925 poetae
533 1839 582 1901 rel
605 1838 656 1923 ipfi
678 1861 741 1909 non
757 1836 905 1916 credunt,
920 1850 952 1901 et
967 1834 1086 1900 indicia
1103 1830 1278 1923 praebentle

265 1960 320 2003 eas
334 1961 398 2002 non
415 1937 553 2015 credere,
568 1937 613 2001 ita
625 1937 731 2001 minua
746 1952 880 2003 nocent:
896 1938 945 2002 rel
959 1936 1098 2002 credunt
1112 1936 1178 2023 ipo,
1190 1936 1278 2021 itnqte

266 2036 427 2121 legentem
455 2036 579 2099 facibus
605 2037 638 2100 in
668 2036 817 2101 eumdem
843 2060 984 2103 errorem
1012 2037 1195 2123 abripiuntr
1223 2048 1278 2101 nm

265 2138 328 2204 illis
358 2135 622 2221 Philosophorum
650 2137 842 2223 opponenda
869 2139 1055 2219 auctoritas,
1080 2132 1278 2226 Empedocli,

266 2238 487 2324 Xenophanis‚
510 2239 660 2320 Socratis,
679 2238 832 2304 derebus
851 2238 965 2305 divinia
989 2240 1036 2305 nil
1055 2239 1127 2305 sciri
1146 2238 1277 2329 profiten-

267 2345 364 2412 tium.
584 2398 592 2415 .

309 2448 373 2512 Ill.
401 2446 450 2511 Ut
473 2445 618 2523 Pictura,
641 2444 686 2509 ita
708 2444 850 2523 Poeseos,
871 2444 914 2508 est
931 2442 1075 2509 officium
1088 2458 1215 2532 quoque
1224 2436 1277 2507 iai·

268 2549 360 2614 tatio:
384 2549 494 2635 inqua
510 2546 670 2632 spetlatur
691 2568 755 2609 non
774 2568 814 2609 an
838 2558 1067 2632 argumentum
1081 2545 1118 2610 lit
1130 2546 1279 2611 bonumet

267 2654 427 2741 pulcrum,
451 2650 505 2714 sed
525 2671 566 2711 an
588 2646 759 2733 diligenter
781 2647 822 2711 ad
850 2645 1088 2712 fimilitudinem
1109 2646 1215 2735 inrogo
1235 2660 1278 2707 en·

267 2752 367 2839 press'a
381 2752 429 2814 fit.
469 2749 571 2836 Igitur
586 2748 689 2833 turpis
703 2747 785 2814 attio
801 2750 848 2813 ecl
866 2749 968 2814 oratio
988 2748 1196 2835 probabiliter
1206 2736 1280 2811 etad

270 2850 516 2915 delectationem
532 2850 847 2936 commotionemque
866 2850 1026 2915 audientia
1039 2862 1203 2930 exornate,
1213 2838 1282 2935 epod

269 2974 342 3015 eum
360 2974 422 3014 non
439 2950 534 3013 debet
549 2950 651 3014 valere
666 2949 791 3015 adeam
806 2951 1005 3037 probandam
1019 2965 1058 3017 ut
1071 2930 1204 3019 borium.

314 3054 369 3115 lv.
402 3054 442 3115 Et
471 3049 728 3136 quandoquidem
760 3054 864 3118 Poetae
891 3055 974 3141 saepe
999 3052 1118 3117 indicia
1144 3052 1281 3141 prebui,
1318 3118 1324 3125 .

268 3152 345 3239 quid
361 3151 413 3236 ipli
430 3152 577 3235 probent,
591 3149 661 3215 lraec
681 3150 799 3215 indicia
817 3151 988 3239 diligenter
1008 3153 1083 3217 sunt
1104 3150 1283 3219 eninredtet·

267 3253 374 3318 tendn.
420 3258 501 3316 Sunt
511 3264 627 3316 ‘autem
642 3252 691 3317 vel
705 3252 830 3332 diserta,
854 3268 909 3318 aut
925 3254 1069 3339 pluribus
1082 3254 1188 3320 verbio
1199 3248 1283 3339 expll-
1319 3286 1322 3291 ·

268 3358 343 3435 cita,
366 3355 413 3421 vel
438 3377 503 3418 nno
522 3354 667 3439 epitheto
687 3353 856 3435 declarata,
880 3354 977 3419 veluti
999 3352 1040 3419 de
1062 3352 1285 3435 Pandaro-ti

269 3460 296 3523 δὲ
311 3462 407 3548 φρένας
420 3460 511 3548 ἄφρονι
526 3463 633 3523 πεῖθεν·
658 3457 706 3522 rel
728 3458 889 3523 obscurius
911 3458 1096 3546 significata,
1117 3458 1209 3525 exitu
1221 3450 1289 3521 nel·

270 3564 367 3637 nerle,
386 3578 422 3624 ut
438 3561 604 3647 Euripides
624 3560 767 3624 Ixionem
786 3574 864 3624 rotae
878 3562 1006 3623 affinum
1020 3560 1115 3625 fecitr
1140 3556 1288 3627 Homer·

271 3660 386 3721 lllmris
405 3676 438 3722 et
453 3662 587 3725 Veneris
606 3661 761 3726 adulterio
782 3660 929 3740 ostendit,
953 3682 1081 3747 pravam
1103 3660 1290 3727 mutim&

269 3760 444 3823 orationem
471 3781 581 3844 pravos
603 3774 637 3823 et
658 3761 870 3826 effoeminatos
895 3784 1005 3848 parere
1028 3784 1155 3827 morea:
1188 3762 1222 3829 in
1241 3758 1291 3827 Jn·

270 3864 364 3928 nonis
384 3863 494 3928 fraude
508 3866 619 3929 Jorcm
634 3865 675 3928 ad
695 3868 903 3932 concubitum
917 3866 1107 3954 pellicientia
1121 3867 1243 3933 fastum
1252 3860 1291 3929 ri·

269 3981 397 4053 tupcmt
411 3965 571 4029 iracundia
586 3979 619 4031 et
633 3966 727 4032 minis
740 3967 826 4034 Jovis
840 3990 916 4056 erga
928 3972 1104 4035 Junonem.
1136 3971 1213 4037 Nee
1223 3984 1294 4057 olm

270 4068 311 4131 est
332 4068 388 4132 hae
406 4067 527 4132 fabulas
544 4090 603 4154 per
617 4067 800 4155 allegoriam
823 4084 1001 4155 pervertere
1023 4086 1056 4136 et
1077 4072 1120 4138 ad
1142 4072 1297 4161 physicen

272 4169 426 4233 rationem
446 4169 624 4250 traducere,
646 4170 794 4257 fingenda
812 4172 1038 4259 conjunctione
1057 4176 1190 4243 retheris
1204 4190 1299 4245 ette-

271 4268 332 4330 ris:
357 4270 421 4354 ipse
442 4271 528 4335 enim
550 4272 647 4336 Poeta
668 4271 856 4340 solutionem
870 4278 992 4362 praebet
1011 4278 1181 4351 moralem.
1215 4282 1301 4372 Qun
