2684 5258
264 363 315 440 20¹
449 343 506 406 n.
521 341 581 407 w.
597 336 831 407 suasano
852 335 1085 432 emmanu.

264 528 387 623 Itaque
414 523 572 596 bifariam
597 524 639 595 fit
667 522 745 594 haec
770 521 936 595 librorum
963 519 1136 617 repetitio.
1186 515 1284 591 Nam

264 647 456 744 Bibliopola
479 643 533 716 vel
558 644 756 741 simpliciter
780 642 905 716 librum
931 641 1079 729 recudit,
1107 662 1155 711 ne
1179 641 1287 713 verbo

264 770 405 867 quidem
425 778 593 865 mutato:
623 766 757 861 quoin
782 789 909 863 genere
933 765 981 836 est
1007 761 1203 860 Lipsienfis,
1227 762 1288 859 qui

264 891 356 963 hanc
381 889 528 960 nostram
555 888 744 960 editionem
767 887 909 960 reddere
932 882 1214 968 instituit-forma
1228 906 1288 956 oc·

264 1023 355 1108 tana,
377 1010 558 1105 inficetum
582 1008 719 1107 prorsus
735 988 778 1081 xet
803 1007 976 1080 sordidum
998 1006 1180 1104 negotium
1205 1029 1288 1079 cum

266 1131 398 1220 charta,
425 1142 501 1202 tum
530 1131 705 1203 literarum
733 1129 913 1202 formulis:
940 1140 977 1201 et
998 1128 1167 1226 gloriatur
1182 1127 1305 1201 etiam,

265 1252 301 1324 se
323 1253 472 1349 plurima
489 1255 615 1326 nostrae
631 1252 791 1325 editionis
807 1250 1054 1350 typographica
1070 1249 1198 1323 menda
1214 1273 1289 1321 cor-

266 1354 410 1447 rexisse:
437 1375 532 1470 quod
553 1374 656 1471 quale
677 1374 719 1446 srt
740 1375 853 1471 postea
876 1373 1083 1447 videbimus.
1131 1370 1200 1445 vel
1226 1370 1290 1444 ho·

267 1497 402 1569 minem
428 1495 606 1587 conducit,
629 1497 691 1592 qui
713 1496 806 1591 quasi
829 1520 954 1578 novam
977 1493 1212 1566 recensionem
1239 1491 1289 1564 sa-

267 1618 337 1690 ciat
352 1645 367 1689 ι,
386 1616 445 1691 hic
459 1616 522 1690 suo
537 1618 604 1715 ipse
623 1615 761 1721 judicio
782 1629 907 1705 mutat,
930 1616 1040 1704 addit,
1056 1616 1190 1687 omittit
1207 1639 1288 1713 quae

177 1754 182 1763 ·
268 1739 358 1838 vult,
380 1751 481 1812 notas
506 1739 879 1837 animadversionesque
895 1738 1036 1811 editoris
1052 1738 1101 1809 ita
1124 1737 1288 1811 transfor-

266 1873 342 1933 mat
358 1860 490 1954 suisque
504 1860 652 1947 infercit,
665 1872 706 1932 ut
722 1862 789 1956 ipse
804 1885 922 1934 earum
940 1859 1061 1932 audior
1076 1869 1113 1931 et
1129 1860 1306 1933 inventor

264 1979 444 2084 uideatur:
474 2003 546 2076 quo
569 1982 606 2052 in
630 2005 759 2079 genere
774 1983 823 2054 est
838 1981 1071 2085 Tubingensrs
1087 1980 1287 2080 Bibliopou.

269 2099 351 2173 Nec
379 2112 497 2172 tamen
522 2101 601 2174 satis
624 2103 794 2184 ambobus
818 2105 908 2175 inter
925 2103 959 2175 se
974 2103 1138 2176 convenit
1148 2129 1162 2174 1ι
1190 2103 1289 2200 plane

263 2233 312 2294 ¹ut
334 2214 483 2330 nni'qiprc
504 2223 540 2294 in
561 2223 721 2302 eamdem
745 2223 897 2320 praedam
917 2225 1121 2313 incidentes,
1143 2212 1187 2296 ea
1201 2224 1290 2299 solus

262 2356 415 2442 uterque
430 2344 531 2440 potiri
548 2346 657 2442 cupit.
709 2345 885 2419 Festivom
909 2349 958 2420 est
981 2347 1176 2445 negotium.
1228 2347 1290 2420 Ille

263 2463 365 2540 hunc
389 2465 471 2538 furti
493 2491 591 2540 reum
617 2469 702 2567 agit,
718 2471 779 2565 qui
800 2493 895 2542 meas
910 2469 1166 2543 mmoutiones
1182 2470 1290 2542 muti-

264 2587 388 2665 iaverit
401 2613 442 2661 ac
458 2588 667 2686 surripuerit.
718 2589 780 2662 slle
800 2592 887 2688 quid
902 2590 1121 2688 responderit,
1141 2590 1167 2662 fi
1184 2591 1290 2666 modo

263 2709 451 2805 respondit,
484 2710 608 2798 nescio,
640 2736 706 2783 nec
731 2711 949 2795 scirc.curo;
983 2737 1065 2785 nam
1097 2711 1177 2786 casu
1211 2713 1289 2790 haec

268 2830 354 2901 mihi
375 2831 649 2920 controverfiola,
666 2836 741 2928 ejus
760 2833 894 2929 prorsus
917 2833 1100 2925 incurioso,
1122 2834 1166 2906 ad
1190 2859 1291 2910 aures

268 2953 498 3048 notitiamque
514 2953 648 3026 accidit.
700 2956 737 3026 Si
758 2979 880 3029 verum
896 2955 1077 3030 volumus:
1106 2957 1178 3047 hic,
1195 2971 1237 3030 ut
1252 2959 1289 3030 in

266 3069 362 3173 furto
373 3077 448 3168 jam
464 3054 561 3147 more
577 3079 748 3171 majorum
764 3062 928 3151 omnibus
942 3078 1049 3151 libero
1065 3090 1101 3152 et
1116 3081 1288 3169 concesso,

263 3193 464 3293 sunpliciter
479 3209 516 3268 et
531 3211 647 3292 aperte
663 3200 746 3295 agit,
769 3224 811 3271 ac
827 3201 973 3298 priscum
991 3201 1085 3297 quasr
1100 3201 1288 3274 candorem

266 3342 340 3414 prae
364 3315 510 3420 sepsert:
536 3318 591 3391 ille
611 3319 704 3415 apud
730 3345 852 3417 aequos
873 3323 979 3396 etiam
1000 3321 1135 3419 judices
1158 3347 1289 3395 nomen

262 3438 448 3536 genusque,
467 3439 557 3513 illius
582 3443 618 3523 in
642 3441 768 3520 sabula¹
781 3443 912 3540 graculi
928 3444 1084 3543 effugere
1099 3446 1156 3516 vix
1170 3443 1287 3542 poffit,

262 3556 365 3631 Mihi
386 3561 465 3658 haec
488 3564 640 3637 audienti
667 3565 703 3636 in
720 3548 875 3649 mentem
891 3547 1049 3640 veniebat
1067 3566 1207 3652 alterius
1224 3590 1289 3638 cu·

261 3678 399 3774 jusdam
418 3679 544 3762 fabulae
561 3683 606 3756 de
620 3670 758 3758 duobus
773 3690 1064 3783 pueriS,quoru1n
1082 3699 1230 3785 uterque
1246 3711 1289 3760 ex

263 3800 388 3875 eadem
402 3869 403 3873 ,
416 3800 523 3891 domo
551 3804 692 3900 pallium
722 3805 948 3905 surripuerat:
982 3807 1069 3879 alter
1101 3808 1215 3897 suum,
1248 3819 1290 3881 ut

267 3936 353 4012 erat,
377 3922 520 4022 pallium
542 3927 718 4023 gestabat:
750 3928 835 4000 alter
856 3954 877 4001 e
900 3927 960 3999 suo
983 3930 1139 4004 tunicam
1157 3955 1198 4002 ac
1213 3954 1289 4028 pae-

267 4044 389 4119 nulam
411 4045 570 4135 faciebat,
595 4060 701 4144 atque
717 4033 864 4122 alterum
880 4039 1113 4148 conspicatus,
1138 4051 1230 4142 Quin
1256 4069 1291 4124 te
1326 4087 1329 4091 ·

262 4165 407 4263 pudeat,
434 4168 568 4285 inquit,
589 4171 640 4241 ita
664 4184 782 4271 operte
799 4172 949 4268 pallium
977 4190 1074 4278 tuum
1093 4162 1225 4272 gesture
1248 4200 1292 4246 ac
1326 4251 1329 4254 Α
