2684 5258
250 133 292 191 ³4
334 125 544 189 nummu
558 102 949 184 inurananunc'nr.
963 118 1204 181 annuorum.

250 291 350 381 igitur
370 291 402 356 in
423 289 487 356 hoc
509 285 616 352 libello
638 306 742 350 rernm
766 279 1135 371 verborumque-sylvam
1156 304 1195 348 ac
1216 283 1285 349 sor·

250 414 338 459 mam
353 393 427 458 dico
439 391 501 457 else
515 388 650 454 alienam
673 400 706 451 et
728 387 952 452 abhorrentem
973 410 993 450 a
1014 383 1176 452 Plutarchi
1192 384 1285 474 inge-

254 492 319 573 nio,
336 492 491 569 dottrIna,
507 488 640 568 ratione,
657 487 897 552 conlitetudine.

638 744 659 805 S
670 745 697 806 E
708 742 772 806 CT
783 744 796 805 Ι
807 741 837 805 0
873 742 900 804 Ι.

486 915 540 972 DE
560 914 825 974 ARGUMENTO
845 913 1050 973 EXTERNO.

293 1097 530 1180 Argumentum
557 1107 722 1159 externum
746 1095 996 1160 unum-fortaffe
1019 1092 1112 1157 nobis
1135 1093 1284 1181 suppetit,

130 1266 133 1272 Α
252 1196 385 1262 dutturn
408 1218 427 1260 a
448 1195 568 1261 filentio
583 1189 758 1261 Veterum:
782 1196 880 1284 quod,
902 1210 940 1261 ut
954 1219 1020 1261 non
1035 1196 1219 1276 maximam,
1241 1196 1286 1260 ita

250 1321 317 1363 non
333 1298 454 1362 nullam
469 1298 566 1362 habet
580 1298 667 1362 virne
691 1310 788 1379 certe,
804 1321 868 1363 non
890 1298 1106 1363 omittendum
1120 1297 1176 1362 est.
1209 1298 1286 1363 Tes-

252 1399 386 1465 timonia
407 1399 506 1486 igitur
520 1403 686 1481 Veterum,
699 1400 817 1487 quibus
832 1400 885 1466 hic
906 1400 1032 1466 libellus
1051 1398 1223 1465 Plutarcho
1236 1399 1286 1463 vel

251 1497 453 1586 adjudicetur
478 1500 527 1563 rel
552 1502 657 1565 abeo
682 1499 893 1588 abjudicetur,
919 1523 984 1567 non
1011 1501 1142 1565 exstant.
1184 1500 1285 1579 Nam,

251 1599 339 1688 quod
360 1600 489 1687 quidem
512 1601 619 1680 sciam,
640 1624 705 1665 non
727 1615 922 1668 memoratur
939 1602 981 1666 ab
1001 1601 1141 1666 aliis·snb
1155 1600 1285 1665 nomine

252 1700 413 1767 Plutarchi
424 1713 498 1765 ante
510 1700 661 1766 Seculum
676 1703 767 1767 XIV.
783 1725 848 1789 quo
862 1698 1030 1768 Macariua'
1039 1700 1285 1790 Chrysocepha-

251 1803 310 1883 lae,
324 1815 362 1865 ut
375 1823 414 1865 ex
426 1801 496 1869 aliis
509 1801 670 1887 geroianis
684 1800 902 1889 compluribus
916 1803 1077 1869 Plutarchi
1090 1802 1226 1889 scriptia,
1241 1803 1286 1868 ita

251 1924 292 1968 ex
313 1902 376 1966 hoc
393 1915 561 1988 tamquam
584 1923 750 1988 germano,
771 1902 861 1968 locos
880 1902 915 1967 in
937 1904 1024 1968 suam
1040 1906 1178 1967 ‘Polmh
1193 1903 1285 1992 legit.

252 2006 342 2069 Inter
356 2002 497 2067 Moralet
512 2002 672 2067 Plutarchi
684 2003 782 2068 libros
794 2002 864 2090 jam
878 2017 973 2069 antea
987 2006 1166 2087 feretratum
1189 2005 1284 2093 qqu·

250 2126 292 2194 pe
305 2103 360 2191 qui
376 2104 559 2169 continetur
571 2103 669 2168 etiarn
690 2103 723 2168 in
742 2104 916 2170 Codicibue
930 2126 1016 2171 arne
1035 2105 1159 2172 collatis
1178 2107 1223 2188 A,
1237 2109 1285 2187 D,

252 2207 288 2284 F,
312 2218 347 2270 et
371 2204 497 2270 duobus
520 2204 771 2287 Moscnenhbur,
789 2205 850 2294 qui
875 2226 988 2272 omnes
1007 2207 1220 2296 antiquiores,
1245 2226 1286 2273 ex

251 2309 368 2376 Seculo
384 2310 443 2374 XI.
457 2310 535 2374 XII.
550 2309 645 2374 XIII.
661 2311 839 2376 censentur.
878 2311 926 2375 Ut
939 2328 1026 2374 nnnc
1039 2311 1095 2390 est,
1109 2306 1284 2396 antiquiffi·

250 2433 342 2476 mum
354 2409 423 2498 ejus
437 2409 601 2497 vestigium
616 2411 714 2474 exstat
727 2410 760 2473 in
779 2409 952 2475 Sententiis
974 2410 1111 2476 Maximi
1128 2423 1162 2475 et
1175 2413 1284 2475 Anto·

252 2509 309 2588 nii,
332 2509 387 2572 ubi
409 2530 442 2594 p.
458 2524 533 2591 704,
548 2506 639 2572 nullo
650 2507 760 2594 addito
770 2508 822 2573 vel
839 2508 979 2574 authoris
993 2510 1042 2574 vel
1055 2508 1127 2575 libri
1142 2510 1284 2589 nomine,

251 2608 420 2674 exhibetur
432 2608 521 2673 locus
534 2630 573 2672 ex
589 2608 669 2695 Cap.
680 2610 721 2675 V.
739 2632 771 2696 p.
784 2629 816 2694 3.
832 2611 878 2673 E:
903 2607 1158 2700 Elmoefovyolqu
1174 2613 1285 2699 ὑγςόνῆ

251 2709 472 2786 robam-Duo
493 2707 546 2773 alii
567 2708 642 2788 loci,
657 2730 797 2796 quorum
806 2709 892 2775 alter
911 2733 945 2798 p.
959 2713 1032 2776 818.
1046 2712 1108 2778 ult.
1121 2706 1285 2778 Plutarchi

251 2833 370 2877 nomen
383 2811 578 2897 adscriptum
593 2811 701 2893 habet,
716 2827 804 2878 certe
813 2812 969 2901 deinceps
979 2813 1051 2879 aliie
1068 2811 1230 2900 subjeetum
1240 2811 1291 2877 eh.

251 2934 370 2978 nomen
393 2912 553 2978 Plutarchi
572 2912 764 3000 adforiptum
788 2914 993 2996 lubentibus,
1015 2920 1054 2980 Οἱ
1068 2920 1098 2978 n
1118 2914 1193 3001 etth
1205 2913 1284 2979 cal·

251 3040 377 3095 οντες-η
393 3014 448 3101 qui
470 3013 579 3102 ¹referri
593 3012 716 3093 videtur
732 3015 776 3080 ed
797 3015 892 3104 hujus
912 3015 1012 3083 libelli
1034 3015 1114 3103 Cup.
1128 3017 1190 3094 XI.
1204 3034 1240 3104 p.
1248 3017 1283 3081 B.

251 3117 300 3184 C:
323 3115 404 3181 alter
418 3115 480 3181 fine
500 3114 660 3181 Plutarchi
680 3116 810 3183 nomine
827 3139 861 3204 p.
876 3138 952 3206 933.
966 3122 1013 3183 Τὰ
1025 3119 1076 3200 μὲν
1089 3122 1149 3206 γὰρ
1162 3117 1284 3200 πόματι

249 3221 305 3292 mic
326 3217 493 3307 cuppirpotf
517 3217 752 3305 vireu—quem
773 3218 843 3305 quis
866 3220 949 3284 forte
966 3219 1110 3286 sumtum
1130 3230 1227 3307 putet
1245 3239 1285 3284 ex

249 3318 367 3383 eodem
387 3319 495 3386 libello
511 3322 560 3386 De
576 3321 763 3386 Educatione
775 3321 860 3409 Cap.
875 3323 971 3389 XIII.
985 3344 1018 3409 p.
1033 3345 1064 3410 9.
1079 3323 1129 3388 B:
1152 3321 1206 3386 hae
1216 3321 1284 3409 igi·

250 3432 304 3485 tnr
325 3420 488 3486 sententie
506 3445 566 3487 nec
588 3423 691 3490 verbio
711 3445 778 3501 pec·
793 3424 887 3489 rebun
908 3423 957 3489 ita
971 3445 1052 3489 oum
1071 3424 1171 3512 lnrjna
1186 3423 1286 3490 libelli

250 3519 330 3587 locis
351 3537 546 3606 congruunt,
568 3537 606 3587 ut
621 3522 701 3588 hinc
723 3524 941 3611 potiusquam
952 3523 1083 3591 el'tunde
1096 3547 1151 3590 ear
1165 3525 1287 3612 petitas

250 3621 480 3687 affirmaverim.
525 3624 612 3709 Ergo
626 3623 722 3688 fuerit
736 3625 807 3690 sane
822 3626 876 3691 illa
886 3638 984 3690 aetate
1003 3625 1056 3691 hic
1073 3625 1221 3692 tibanus:
1244 3628 1286 3692 an

250 3729 307 3792 sub
328 3727 458 3793 nornine
482 3727 641 3806 Plutarchi
656 3726 726 3816 jam
745 3731 854 3810 fuerit,
875 3730 1010 3796 statuere
1031 3753 1096 3797 non
1110 3730 1286 3818 poffumna.

250 3829 408 3912 Equidem
431 3850 506 3893 eum
536 3827 706 3894 Plutarcho
730 3853 796 3896 non
823 3830 921 3895 ausun
944 3831 1048 3898 multo
1073 3831 1287 3901 remotiorem

250 3927 354 3992 facere
364 3954 374 4007 3
407 3943 520 4018 utpote
540 3927 766 3998 abhorrentem
785 3933 826 3998 ab
847 3931 931 3999 illius
952 3934 1065 4023 magle·
1077 3926 1287 4023 proprietate,

250 4049 347 4115 quam
362 4043 467 4097 aetate.
