2684 5258
135 29 1317 317 m

226 779 283 848 m
303 765 570 848 benennom
591 778 732 848 onon
754 770 979 850 Monnnn.
1073 804 1112 855 αι

135 952 196 1038 rem
211 951 374 1038 videris
395 965 465 1040 Cui
487 967 595 1041 alter:
633 955 726 1058 Quid
748 952 799 1039 ni¹
811 968 935 1064 gestem
961 973 996 1040 in
1018 963 1116 1040 tanta

135 1087 234 1160 mium
251 1114 340 1184 erga
354 1091 462 1182 sures
480 1091 619 1162 ienitate
634 1116 676 1161 ae
697 1077 905 1185 patientia?
932 1106 971 1162 ae
988 1106 1038 1176 tu,
1056 1114 1112 1161 cu·

135 1236 228 1283 *non
255 1214 369 1281 mimus
390 1237 495 1308 quom
520 1198 631 1284 meum
648 1225 751 1308 patet
765 1214 919 1304 sumum,
942 1225 1116 1307 preterea

135 1346 216 1431 oque
241 1357 353 1405 vomo
377 1348 413 1404 et
437 1332 584 1406 mendas
610 1333 796 1405 habeberis.
857 1333 968 1434 Quod
992 1343 1113 1407 autem

139 1454 271 1526 mmda
289 1454 536 1552 typographica
561 1457 684 1527 nostrae
708 1453 869 1526 editionis
887 1447 1024 1544 odiost,
1041 1454 1112 1528 hoc
1150 1529 1152 1533 ,

135 1600 196 1650 om
228 1599 305 1648 non
331 1587 403 1648 tom
428 1601 472 1648 ex
498 1600 536 1648 re
560 1588 597 1649 et
623 1578 776 1665 veritate,
799 1600 906 1671 quam
930 1560 1052 1650 astutis
1072 1588 1111 1649 et

135 1696 272 1770 ›iditate
295 1697 449 1770 hominis
472 1697 653 1794 Lipfienfis
672 1697 794 1787 fertur,
818 1700 889 1794 qui,
913 1697 985 1770 hac·
995 1722 1109 1797 repre-

135 1810 246 1892 ifione
268 1821 306 1890 in
322 1816 426 1890 titulo
442 1820 562 1916 posita,
580 1821 647 1893 suis
663 1814 829 1917 exemplis
844 1831 995 1895 emtores
1011 1844 1108 1917 quae-

135 1951 162 2013 t.
230 1941 374 2013 Horum
400 1966 513 2015 unum
538 1940 615 2014 oosu
639 1944 676 2014 in
700 1965 797 2014 meas
821 1965 948 2014 manus
963 1940 1108 2015 incidits

134 2064 143 2136 i
160 2086 278 2160 pauca
293 2063 375 2134 vitio
389 2064 563 2137 oorredia:
590 2062 659 2136 vidi
683 2064 789 2136 etiam
808 2057 920 2136 nova':
945 2075 983 2135 et
997 2064 1115 2160 piur‘a,'

135 2176 326 2274 nonnoso
343 2184 511 2276 vidissem,
535 2185 561 2257 si
586 2184 746 2258 nauseam
768 2182 857 2257 sene
872 2185 1054 2282 potnissem
1071 2186 1109 2258 in

135 2306 231 2379 endo
264 2317 338 2378 tam
365 2305 487 2403 spurco
508 2306 769 2404 'immundoque
801 2294 962 2404 esempio
989 2307 1106 2404 operis

135 2427 179 2499 od
196 2427 282 2499 inde
301 2451 322 2498 a
343 2427 449 2526 longo
469 2441 627 2525 tempore
651 2430 687 2500 in
712 2429 927 2502 nitidioribus
942 2440 979 2502 et
992 2424 1107 2526 ¹nuper

142 2548 352 2621 nitidiffimis
379 2550 442 2622 iilis
467 2551 721 2623 Oxonienfibus
737 2550 900 2648 exemplis
925 2551 1039 2650 legere
1055 2552 1106 2624 as·

135 2695 268 2744 veram.
320 2672 558 2768 lepidumest
571 2672 669 2768 quod
691 2674 777 2744 mihi
798 2685 879 2746 ante
895 2697 1024 2770 paucos
1041 2675 1106 2746 hos

135 2815 148 2864 s
173 2791 304 2888 scripfit
326 2806 429 2865 vetus
453 2796 489 2865 in
515 2793 628 2865 Gallia
653 2786 798 2882 amicus,
823 2795 933 2866 bomo
958 2794 1104 2868 dodius:

135 2914 268 2986 marchi
284 2920 345 3004 tui,
364 2917 488 3011 inquit,
506 2919 601 2987 nulla
612 2919 698 3011 sum
716 2915 811 3010 apud
826 2941 884 2987 nos
903 2916 1107 3013 Osonienfla

135 3039 235 3133 mpla
247 3051 394 3134 propter
410 3041 623 3132 interclusum
643 3053 893 3109 commeatum:
924 3037 1105 3135 Lipsfmfia

135 3161 172 3260 i:
211 3158 286 3229 brec
312 3186 392 3231 vero
422 3160 505 3231 adeo
523 3152 610 3253 sunt
631 3158 796 3256 squalida
826 3176 860 3230 et
886 3158 1105 3249 mmmmm

135 3307 171 3352 no
190 3280 302 3369 bomo,
320 3283 382 3381 nss
390 3281 567 3378 stomacho
585 3285 751 3379 oculffique
768 3280 942 3376 praeditm'
956 3279 1106 3355 Germa

135 3407 173 3491 is,
206 3430 249 3474 ea
273 3407 453 3500 perlegere
471 3408 648 3501 stistineat.
699 3402 874 3501 Equidem
905 3402 1103 3500 huJusmodi

135 3525 274 3596 machos
299 3526 485 3622 oculosque
510 3528 624 3615 laudo,
642 3550 731 3622 quos
753 3525 874 3598 inculti
900 3537 936 3599 et
958 3519 1106 3625 a‘grestes

135 3668 216 3718 rum
232 3647 455 3721 officinarum
474 3648 582 3721 foetus
599 3673 620 3718 a
636 3647 790 3746 legendis
806 3648 906 3719 bonis
922 3645 1015 3720 libris
1031 3664 1105 3722 non

135 3780 273 3839 errent:
298 3762 501 3868 bibliopolas
523 3769 749 3867 reprehendo,
766 3771 839 3866 qni,
864 3768 949 3840 lueri
972 3769 1105 3864 cupidia

135 3888 277 3978 edudii,
294 3915 366 3963 non
384 3893 561 3987 aliquanto
578 3891 779 3988 diligentius
794 3887 1021 3960 studiosorum
1039 3889 1104 3962 bo⁴

135 4035 216 4082 num
234 4010 386 4085 sensibus
402 4014 597 4086 consulunt.
646 4013 824 4084 Caeterum
842 4010 1012 4084 affirmare
1028 4013 1104 4110 pos-⁴

135 4157 164 4221 n,
184 4156 243 4204 me
260 4133 375 4205 adbuc
392 4138 428 4206 in
446 4133 634 4208 Oxonienfi
651 4134 783 4207 Graeco
800 4147 966 4207 oontextu
983 4148 1020 4207 et
1034 4136 1103 4206 La·
1126 4148 1134 4160 ”

135 4254 332 4344 eversione,
349 4269 411 4329 aut
428 4259 526 4330 nulla
545 4269 606 4340 aut
629 4256 830 4354 pauciffima
846 4257 1004 4353 reperiiie
1020 4280 1103 4351 ope-

135 4399 192 4446 urn
223 4378 332 4448 vitia:
359 4404 471 4451 unum
498 4380 716 4475 alterumque
743 4380 779 4452 in
808 4377 1104 4451 Annotationibus
1155 4397 1158 4402 ’

136 4495 369 4571 Praefatione:
397 4502 455 4572 vix
478 4526 590 4574 unuin
617 4513 653 4572 et
677 4501 824 4573 alterum
850 4499 945 4597 quod
970 4498 1103 4573 sensum

135 4617 206 4709 bet,
232 4644 300 4694 nec
325 4621 424 4696 facile
446 4626 490 4697 ab
512 4624 657 4697 homine
673 4622 892 4697 mediocriter
907 4621 1011 4696 doeio
1027 4646 1104 4694 oora

577 4768 599 4816 c
618 4755 639 4815 3
