2684 5258
252 756 672 827 osssmaaunnnm
685 757 878 821 rancus.
891 761 1022 837 panc.
1100 766 1159 821 aas

140 919 316 1007 equestrem,
327 920 568 1007 gymnasticam,
582 921 771 1001 venaticam,
784 920 834 987 vel
852 920 894 986 ad
912 920 1157 1008 philosophiam,

143 1018 398 1108 supplicarent:
423 1021 651 1107 Areopagitica
673 1023 713 1086 T.
728 1024 772 1087 ΙΙ.
797 1044 831 1109 p.
849 1040 921 1102 124.
944 1021 1021 1085 edit.
1043 1023 1157 1108 Auge·

144 1123 245 1191 ἴωπες
267 1129 338 1202 Τοὺς
359 1129 385 1189 li
402 1126 462 1204 βίον
480 1128 568 1191 saurir
588 1126 765 1209 κικημένιις,
782 1126 851 1213 mps
866 1153 897 1190 τε
919 1130 1037 1206 ἱππικὴν,
1055 1126 1103 1203 καὶ
1118 1130 1158 1190 τὰ

147 1229 284 1313 wicta,
303 1226 351 1309 aral
362 1233 401 1291 τὰ
413 1227 575 1310 κυνηγέσια,
590 1226 637 1305 καὶ
653 1232 701 1305 τὴν
717 1227 888 1310 φιλοσοφίαν,
906 1228 1070 1311 ἠνάγκασαν
1095 1229 1156 1290 δια-

148 1325 235 1413 rplsn·
261 1333 371 1414 ὁρῶντες
392 1333 423 1391 ἐκ
446 1328 547 1392 τούτων
566 1329 626 1402 τοὺς
649 1329 699 1410 pir
721 1327 891 1413 διαφέροντας
908 1327 1084 1413 γιγιιμίιιις,
1106 1327 1157 1404 erig

151 1426 224 1493 ὓιὸιι
232 1428 349 1503 raticosa
362 1439 456 1493 κακῶν
469 1428 656 1514 mazeum.

182 1528 311 1595 Pertinet
325 1529 438 1594 eodem
456 1530 583 1596 Horatii
601 1529 724 1595 notatio
741 1552 868 1597 morum
888 1530 921 1597 in
938 1531 1060 1599 diversa
1074 1545 1153 1599 setad

153 1624 217 1695 thor
228 1635 299 1695 Art.
316 1631 405 1696 Poet.
424 1632 479 1693 161
495 1656 503 1694 ι

213 1781 352 1847 imberbis
359 1781 499 1869 juvenis,
514 1784 632 1848 tandem
648 1781 759 1869 custode
771 1796 888 1865 remoto,

162 1968 165 1977 Ι
218 1883 337 1949 Gaudet
348 1883 428 1970 equis
441 1876 616 1970 canibusque
629 1895 657 1947 ct
671 1884 765 1971 aprici
775 1885 914 1972 gramine
928 1883 1044 1972 campis

217 1981 318 2047 Cereus
333 1983 364 2045 in
379 1983 486 2047 villum
496 1982 596 2069 flesti,
612 1984 800 2047 monitoribus
816 1985 911 2071 asper,

216 2084 339 2149 Utilium
355 2087 460 2148 tardus
470 2085 561 2173 provi
574 2109 618 2163 or,
633 2085 777 2172 prodigus
791 2087 873 2164 aeris,

214 2178 541 2273 Sublimis'cupidusque
556 2197 584 2248 et
597 2199 699 2250 amata
712 2185 878 2274 relinquere
894 2187 1011 2277 pernix.

154 2328 254 2401 Horum
276 2349 417 2417 aetatem,
446 2351 484 2403 ut
505 2339 641 2403 feracem
668 2339 894 2426 cupiditatum,
919 2339 1153 2428 diligentissima

153 2428 289 2523 disciplina
306 2439 513 2503 coercendam
532 2439 604 2519 esse,
619 2440 760 2527 Lycurgi
774 2440 920 2526 exemplo
934 2440 1068 2506 ostendit
1082 2444 1150 2507 Xe·

153 2535 311 2621 antonin
336 2542 417 2624 ch.
436 2539 752 2614 Lacedaemoniorum
776 2543 856 2626 Cap.
877 2543 938 2605 Ill.
960 2563 993 2626 p.
1012 2544 1086 2626 678.
1101 2547 1149 2608 E:

152 2646 177 2698 tt
190 2638 338 2727 Areopagi
361 2641 521 2726 quondam
541 2642 669 2728 vigente
687 2658 721 2706 ct
742 2643 940 2707 instauranda
960 2645 1153 2711 austoritate

154 2736 289 2806 confirmat
303 2741 456 2805 Isocrates
470 2742 502 2805 in
519 2743 746 2828 Areopagitica
764 2764 797 2827 p.
815 2763 832 2807 a
833 2763 887 2826 53.
907 2755 941 2806 et
954 2758 1025 2828 255.
1061 2747 1151 2811 Jam-

154 2832 253 2904 hlchus
263 2841 332 2906 Vrt.
349 2842 485 2928 Pythag.
502 2862 574 2909 202.
596 2856 629 2904 et
648 2844 712 2928 seq.
736 2864 775 2906 cx
794 2843 990 2921 Aristoxeno,
1011 2856 1049 2906 ut
1062 2843 1150 2909 vide·
1232 2834 1237 2841 ¹

152 2945 200 3003 tor.
226 2942 286 3007 llas
306 2942 570 3029 philosophorum
588 2942 703 3007 scholae
718 2964 790 3007 vero
805 2943 928 3007 virtutis
942 2943 1049 3008 sruttu
1062 2966 1151 3009 care·

153 3029 225 3105 hrt:
245 3040 293 3106 vel
314 3041 499 3106 docentium
519 3042 624 3128 culpa,
639 3042 694 3128 qui
715 3042 819 3127 magis
834 3041 1048 3127 sophistarum
1062 3064 1152 3108 more

152 3133 313 3227 ‘loqttentioe
327 3142 456 3207 laudem
472 3144 737 3222 consectarentur,
758 3157 790 3207 et
807 3144 966 3210 orationes
985 3144 1027 3210 ad
1047 3147 1151 3210 oslen-

150 3238 290 3323 sitionem,
313 3243 457 3322 ὗκιδείξεις,
480 3243 649 3323 adferrent,
673 3266 768 3329 quam
792 3243 920 3330 proprio
942 3244 1151 3332 philosophias

149 3352 255 3409 munere
271 3342 313 3407 ad
333 3344 431 3407 animi
447 3366 636 3431 morumque
656 3344 912 3410 emendationem
927 3346 1150 3433 fungerentur,

145 3436 278 3531 *diique
299 3445 476 3510 orationem
500 3444 821 3532 disputationemque,
845 3447 929 3532 λόγοι
950 3449 1001 3512 vel
1019 3451 1149 3531 διάλεξιν,

135 3540 293 3610 stlemntt
317 3545 369 3610 vel
384 3544 583 3610 audientium
605 3545 693 3625 vitio,
709 3546 765 3631 qui
783 3547 885 3633 magis
903 3546 1063 3631 sapientiae
1077 3550 1149 3634 opi·

138 3635 262 3725 usonem,
276 3667 375 3732 quam
396 3646 588 3733 cognitionis
606 3645 789 3732 virtutisque
806 3649 1003 3737 progressum
1024 3672 1150 3735 quaro-

135 3748 205 3811 r‘tut-
246 3748 364 3835 Igitur,
385 3761 422 3812 ut
446 3748 574 3827 dicendi,
598 3749 643 3813 ita
664 3762 698 3814 et
724 3750 867 3813 audiendi
889 3759 970 3814 reela
994 3750 1150 3836 eslratio,

135 3842 218 3931 tngo
236 3846 291 3912 illa
312 3847 475 3934 negledta3
503 3871 597 3933 quam
620 3848 696 3913 huic
719 3849 801 3915 libro
822 3866 1050 3936 argumentum
1070 3851 1150 3918 fecit

135 3928 321 4014 Plumchue.
358 3951 410 4014 De
427 3948 568 4036 sophistis
581 3949 635 4016 illa
649 3966 756 4031 atate,
771 3951 901 4020 namde
915 3954 1072 4021 veteribus
1086 3958 1147 4025 So-

135 4046 215 4113 enm
233 4049 408 4138 equalibus
429 4050 483 4115 hic
505 4074 569 4115 non
591 4052 763 4139 loquimur,
785 4050 1093 4140 philosophantibus,
1115 4073 1148 4125 et

135 4138 171 4211 fle
186 4151 376 4238 philosophis
399 4153 585 4240 sophistices
607 4155 837 4236 factitantibus,
861 4158 991 4245 legendi
1015 4161 1087 4226 sunt
1114 4162 1149 4227 in

135 4249 230 4325 Primis
245 4254 447 4319 Philostratus
460 4268 495 4319 et
506 4256 683 4341 Eunapius,
703 4270 774 4322 tum
785 4258 975 4325 Themistius
995 4261 1148 4327 Oratione
1167 4281 1172 4285 ·

135 4337 214 4420 ³011.
238 4355 371 4420 xxm.
401 4357 509 4421 XXV.
539 4357 680 4420 XXIX:
716 4380 754 4423 ac
786 4360 931 4446 Synefius
964 4360 997 4425 in
1027 4362 1146 4428 Dione.

135 4438 260 4521 Maxime
279 4446 390 4521 autem
411 4456 453 4521 ad
476 4456 563 4522 hunc
586 4457 747 4523 Plutarchi
766 4459 883 4525 librum
906 4462 1147 4530 accommodate

138 4543 250 4629 levero
271 4556 441 4621 auditionis
459 4557 658 4643 philosophae
676 4560 795 4638 fructu,
816 4562 969 4648 certisque
988 4561 1057 4648 ejus
1078 4563 1145 4631 sru-

142 4644 194 4719 θυι
210 4656 315 4744 tignis,
336 4679 443 4745 opera
461 4658 603 4745 pretium
617 4672 651 4728 et
667 4658 774 4747 legere
787 4674 822 4733 et
839 4662 981 4750 relegere
1002 4667 1147 4754 egregiae

180 4773 257 4825 vor..
270 4780 323 4826 vr.
660 4782 684 4827 a
