2684 5258
847 242 850 253 '
984 254 1004 292 t

166 350 208 403 32
246 340 453 401 ANIMADV.
467 339 516 399 IN
530 340 603 398 LIB.
616 338 671 397 DE
685 336 858 398 EDUCAT.
874 336 1110 397 PUERORUM.

168 503 264 569 etiam
282 504 314 568 in
335 526 372 570 ea
393 501 526 568 Critices
543 512 643 586 parte,
658 499 730 587 qure
745 499 820 586 quid
838 498 989 585 cujusque
1001 497 1038 563 sit
1053 495 1189 584 judicat,

167 607 370 672 uumerus
383 604 423 668 ad
436 602 606 669 Jamhlich.
623 604 664 666 V.
680 605 715 667 P.
738 603 770 683 ξ.
786 619 860 666 211.
883 601 1028 664 nominat
1041 598 1189 664 aureolum

167 706 310 771 libellum.
353 706 419 792 Qui
440 727 535 790 quam
557 704 592 767 srt
613 703 753 790 elegans,
771 724 867 789 quam
888 701 1047 780 aureolus,
1069 700 1189 765 videbi·

168 829 251 872 mus.
295 807 365 869 Has
384 804 532 890 equidem
553 804 583 866 ei
605 803 712 867 laudes
736 827 794 868 nec
819 803 935 880 tribuo,
953 823 1018 879 ,nec
1042 800 1189 880 invide03

168 907 265 970 modo
281 928 331 985 ne,
346 905 530 991 pervulgato
544 926 659 982 errore,
675 903 832 967 tribuatur
847 903 1027 967 Plutarcho.

193 1007 312 1093 -Cujus
333 1029 396 1092 ego
416 1006 528 1069 erroris
550 1004 665 1069 caussas
685 1026 841 1090 quarens,
864 1025 960 1067 unam
982 1025 1117 1090 eamque
1137 1027 1189 1068 ve·

168 1106 325 1186 rislimam,
348 1130 419 1172 mea
440 1108 503 1195 ipse
525 1107 716 1194 experientia
732 1106 856 1183 destos,
874 1106 957 1170 hanc
979 1107 1092 1192 reperi.
1136 1107 1189 1171 Li·

168 1207 271 1272 bellus
290 1208 323 1272 in
345 1209 493 1273 omnibus
507 1209 658 1295 exemplis
679 1208 772 1274 editis
793 1209 931 1294 primum
955 1208 1052 1273 habet
1070 1207 1188 1286 locum,

167 1309 288 1396 primus
308 1311 351 1375 esl
371 1309 482 1374 ordine
503 1327 536 1375 et
557 1332 700 1375 numero.
746 1310 848 1395 Igitur
861 1309 997 1395 quisquis
1011 1308 1053 1372 ad
1067 1308 1189 1373 libellos

168 1410 328 1475 Plutarchi
342 1411 482 1474 Morales
495 1409 628 1490 accedit,
647 1410 678 1474 in
701 1410 786 1474 hunc
809 1409 946 1495 primum
964 1408 1089 1489 incidit,
1105 1409 1189 1473 huuc

167 1510 248 1597 legit
273 1533 371 1575 novus
395 1526 429 1575 et
452 1511 564 1597 hospes
589 1511 620 1574 in
642 1512 745 1574 forma
767 1524 801 1573 et
822 1509 964 1573 oratione
983 1509 1188 1574 Plutarcheaz

168 1609 323 1698 hujusque
337 1613 470 1686 sensum,
486 1612 506 1675 si
520 1610 613 1689 forte,
628 1612 733 1697 postea
747 1612 875 1677 demum
891 1608 1018 1696 legendi
1030 1610 1189 1697 progressu

168 1712 312 1799 colligit:
335 1712 515 1798 pauciffimi,
530 1711 578 1776 vel
592 1710 694 1776 dicam
711 1733 817 1787 nemo,
841 1710 929 1774 sinito
950 1709 1113 1774 volumine
1125 1708 1189 1796 ejus

168 1813 336 1879 lessionem¹
352 1814 505 1878 continuo
525 1814 652 1892 iterant,
669 1812 737 1898 jam
756 1809 895 1875 instructi
913 1810 954 1875 ad
969 1810 1189 1896 judicandum,

167 1928 281 2000 utpote
296 1928 438 1977 recentes
459 1935 479 1976 a
499 1912 633 1976 lectione
651 1913 801 1976 Audoris
819 1910 947 1998 ejusque
963 1911 1052 1976 sensu
1065 1911 1189 1976 imbuti.

168 2013 266 2099 Quod
280 2014 299 2076 sr
315 2013 419 2099 plures
433 2011 586 2090 fecissent,
602 2011 708 2098 plures
719 2013 806 2076 hunc
820 2012 962 2077 libellum
976 2012 1040 2076 falfi
1055 2011 1189 2077 nominis

168 2113 345 2200 s'uspestum
367 2110 552 2175 habuissent.
596 2113 705 2191 Nunc,
720 2125 765 2176 ut
788 2113 835 2193 fit,
858 2112 990 2179 evanido
1009 2126 1042 2178 et
1059 2113 1189 2199 refrige·

169 2225 239 2276 rato
261 2233 318 2298 per
338 2211 488 2298 temporis
501 2211 643 2298 ¹spatium
664 2225 698 2275 et
718 2212 852 2277 aliorum
871 2212 1065 2300 Scriptorum
1079 2213 1189 2279 ledio-

170 2335 245 2378 nem
269 2312 456 2378 Plutarcheo
478 2312 577 2392 sensu,
601 2311 736 2377 redeunt
760 2312 801 2378 ad
824 2312 1028 2378 Plutarchum
1054 2313 1132 2379 item
1155 2328 1189 2388 ut

169 2414 273 2500 primo
292 2414 363 2478 novi
382 2426 415 2476 et
437 2412 586 2499 hospites,
608 2427 642 2478 et
663 2413 708 2478 nil
721 2413 892 2499 quidquam
907 2414 1001 2500 spurii
1020 2423 1082 2480 aut'
1095 2414 1189 2500 suspi-

169 2526 283 2578 cantur
295 2527 350 2578 aut
364 2511 513 2580 sentiunt,
548 2515 597 2578 lta
611 2535 674 2579 non
689 2513 790 2578 solum
804 2512 928 2577 libellus
943 2514 994 2576 De
1006 2513 1189 2577 Educatioru

169 2615 255 2701 apud
277 2613 440 2701 plerosque
459 2611 570 2678 doctos
590 2614 734 2685 homines
756 2614 787 2676 in
810 2612 883 2676 salsa
902 2613 1097 2677 austoritatis
1120 2614 1189 2699 pos-

170 2715 296 2778 seffione
317 2714 447 2776 mansur
465 2711 522 2775 -sed
543 2712 723 2778 manserunt
744 2712 840 2776 etiam
861 2711 914 2775 alii
933 2711 1016 2790 libri,
1035 2727 1069 2778 et
1088 2714 1189 2779 mani·

169 2815 299 2879 festioris
313 2814 430 2880 fraudis
444 2814 501 2892 illi,
521 2828 555 2877 et
575 2815 660 2901 apud
679 2815 785 2881 minus
798 2815 922 2894 doctos,
938 2815 1034 2880 veluti
1049 2817 1098 2880 De
1114 2818 1189 2880 Phi·

169 2915 348 3003 losophorum
364 2914 566 3014 Placidon
583 2915 657 2979 Vatis
670 2915 710 2984 X
721 2894 892 2995 Οναιοηινῖι,
911 2930 946 2981 et
961 2915 1189 2982 manifestissrmi

170 3016 235 3082 duo
256 3015 497 3102 ineptissrmique
517 3016 647 3100 gemini
658 3039 697 3081 ex
718 3016 829 3081 eadem
847 3015 964 3082 fraudis
977 3017 1103 3082 officina
1116 3039 1189 3104 pro-

170 3117 240 3196 diti,
261 3115 418 3180 Parallela
436 3115 545 3178 Graeca
565 3129 593 3180 cs
611 3116 756 3196 Romana,
778 3132 811 3182 et
826 3119 875 3181 Dr
889 3117 1086 3183 Fluminibus.
1130 3119 1189 3184 Di·

170 3239 241 3282 cam
255 3214 331 3302 quid
345 3214 425 3278 mihi
437 3214 598 3279 acciderit.
643 3217 765 3281 Primus
782 3240 821 3282 ex
835 3217 983 3285 omnihus
998 3216 1189 3285 Plutarcheia

169 3317 256 3383 libris
269 3314 349 3380 mihi
361 3335 461 3402 puero
474 3315 507 3378 in
521 3336 634 3380 manue
651 3316 763 3382 incidit
780 3316 832 3381 hic
852 3317 979 3403 ipseDc
993 3318 1189 3398 Educationr,

169 3434 265 3504 atque
278 3416 359 3481 adeo
372 3414 553 3501 exemplum
571 3415 718 3480 editionis
739 3417 938 3504 Heufingeri.
982 3418 1094 3483 Hicin
1109 3440 1189 3506 prm·

170 3519 289 3584 satione
310 3520 476 3583 Muretum
496 3503 661 3604 gravissimi
683 3517 794 3584 erroris
815 3540 905 3585 reum
926 3518 995 3604 agit
1015 3531 1061 3598 et,
1079 3533 1118 3585 ut
1139 3518 1189 3584 fibi

144 3689 149 3698 ,
170 3617 304 3692 videtur,
319 3618 474 3697 confutat,
487 3616 573 3703 quod
586 3617 677 3686 istum
690 3617 832 3685 libellum
845 3618 984 3706 spurium
991 3617 1189 3704 judicaverit.

155 3716 366 3784 -Asscntiebar
386 3719 602 3802 Heusingero:
624 3734 659 3784 et
679 3719 735 3785 diu
754 3722 860 3808 postea
878 3719 912 3784 in
929 3719 992 3785 hoc
1012 3720 1131 3806 perstiti
1144 3723 1189 3787 as-

144 3863 158 3881 »
171 3818 272 3907 sensu,
285 3815 426 3902 quamvis
447 3817 481 3880 in
500 3815 598 3883 literis
618 3832 652 3884 et
674 3819 833 3886 Plutarchi
847 3817 984 3884 leffione
995 3822 1189 3909 progressus.

171 3919 235 3985 Sed
256 3917 350 3983 ecce!
374 3938 429 4002 per
449 3916 621 4001 susceptam
643 3919 772 3986 editoris
792 3918 985 4005 provinciam
1006 3921 1129 3987 fastum
1150 3923 1189 3987 esl

170 4036 209 4085 ut
234 4017 436 4085 Plutarchum
462 4017 573 4103 saepius
600 4020 795 4106 relegerem
831 4033 869 4084 ut
894 4030 969 4086 c'um
993 4043 1089 4107 porro
1117 4046 1189 4093 cum

170 4119 291 4204 scriptis
308 4116 471 4184 codicibus
487 4117 630 4183 conferre
646 4119 830 4204 inciperem,
852 4143 890 4187 ac
910 4121 1083 4187 secundum
1101 4123 1190 4192 codi-

172 4241 245 4284 cum
261 4219 369 4284 seriem
382 4216 478 4281 alium
493 4215 639 4305 deinceps
658 4233 692 4285 et
707 4218 804 4291 alium
823 4221 940 4296 librum
961 4225 1106 4295 conferre
1120 4245 1189 4313 per-

484 4494 666 4584 A
