2684 5258
135 33 1329 313 -fl

270 735 327 797 sm
347 737 571 799 nuorsnms
592 739 738 801 mans
758 742 960 824 ...ιιι-ιι.
1068 746 1129 817 ιιι

135 896 249 965 aionis
274 901 332 964 usu
357 900 461 966 sensus
478 900 703 991 judiciumque
727 903 863 985 acuitur,
886 926 926 970 eo
951 904 1055 993 magis
1075 927 1131 971 ac·

135 999 183 1065 alo
197 1001 241 1066 ad
256 1001 461 1068 Valckenarii
475 1004 676 1068 sententiam

145 1120 200 1186 3¹·
217 1103 258 1166 C.
281 1107 372 1189 Κῦρος
391 1103 449 1166 osli
471 1105 579 1167 slsis
548 1130 596 1182 την
614 1107 755 1170 [laisiaco
773 1105 932 1193 britonem]
959 1107 1041 1174 Item
1063 1109 1132 1176 Xe·

135 1200 301 1289 aphonffl
291 1225 325 1266 m
342 1202 420 1291 Cyri
437 1203 636 1269 Institutione
649 1206 692 1270 V.
710 1229 743 1293 p.
761 1225 833 1290 115.
845 1208 892 1285 D,
903 1209 941 1272 E.

151 1321 201 1388 31·
213 1305 257 1371 D.
282 1309 319 1366 Ei
332 1304 361 1367 hi
347 1306 626 1391 Νμάτιμῆσισμ]
652 1307 759 1393 Odyss.
775 1314 817 1369 ll.
830 1325 905 1390 274.

156 1422 205 1493 31.
214 1404 258 1469 D.
279 1404 443 1491 Kaisesa]
471 1404 632 1470 Credibile
644 1407 686 1471 esl
702 1405 892 1472 Cleanthem
905 1420 939 1472 et
953 1407 1049 1475 aliis
1040 1431 1073 1474 m
1090 1410 1131 1475 li·

135 1502 181 1569 nis
197 1505 293 1571 obiter
315 1508 451 1595 attigisse
472 1509 575 1572 versus
596 1508 799 1588 Homericos,
819 1523 852 1574 et
869 1509 910 1575 de
931 1510 1079 1576 industria
1097 1513 1132 1577 in

135 1609 253 1687 Πιθαιῐς,
275 1608 318 1674 de
342 1632 418 1695 quo,
443 1624 480 1674 ut
500 1610 541 1675 de
562 1610 687 1676 caeteris
712 1610 797 1675 illius
819 1611 952 1699 scriptis,
976 1613 1132 1680 videndus

135 1704 164 1769 rt
183 1708 209 1772 J.
221 1708 264 1772 h
280 1709 441 1773 Fabricius
459 1709 612 1774 Biblioth.
634 1710 692 1774 Gr.
706 1709 782 1776 Vol.
797 1711 841 1773 ll.
864 1730 898 1794 p.
912 1713 987 1796 396.
1005 1712 1062 1776 nbi
1080 1715 1131 1778 A·

135 1802 227 1872 thesei
245 1809 337 1874 locus
363 1809 465 1874 aliena
489 1810 607 1896 pagina
625 1825 697 1894 752.
720 1821 861 1887 notatur,
882 1831 956 1895 quae
980 1811 1022 1874 est
1046 1825 1132 1895 5725

135 1908 208 1996 [fitur
223 1929 255 1978 et
268 1914 325 1978 illo
339 1915 372 1978 in
393 1915 486 1995 libre,
501 1916 581 1979 etin
603 1937 642 1980 eo
655 1916 722 2003 megi
738 1920 776 1978 τῦ
792 1920 910 1994 veratri,
925 1915 962 1978 de
972 1926 1068 2002 poeta,
1083 1914 1143 1979 vel'

135 2010 301 2096 selimero,
326 2031 364 2081 ut
386 2016 471 2080 idem
494 2014 652 2080 Fabricius
674 2016 760 2080 recle
779 2015 924 2081 adversus
941 2017 1132 2103 Menagium

135 2112 263 2198 explicat:
286 2115 319 2182 in
342 2117 393 2181 his
414 2117 512 2204 igitur
529 2116 616 2181 libris
642 2114 682 2180 de
705 2115 854 2180 industria
874 2115 1010 2181 Homeri
1031 2117 1132 2183 inter·
1175 2141 1182 2160 ⁶

135 2219 317 2298 prensionem
341 2221 475 2308 attigisse
498 2219 622 2284 videtur
645 2218 830 2284 Cleanthes.
874 2220 960 2284 Nam
986 2219 1042 2306 qui
1063 2218 1133 2307 ejue

136 2312 195 2383 fiber
215 2323 253 2387 ab
278 2321 393 2387 eodem
417 2322 564 2409 Diogene
586 2321 715 2386 Laertio
738 2322 816 2385 VII.
841 2336 912 2404 174.
936 2333 1134 2386 memoratur

135 2417 363 2511 apia'hpsfaqxov,
379 2423 440 2487 snit
454 2424 599 2488 adversus
615 2424 831 2489 Aristarchum
846 2422 988 2488 Samium
1003 2423 1132 2490 mathe-

135 2522 272 2605 maticum,
297 2542 335 2591 ut
356 2528 507 2614 colligere
529 2527 604 2592 licet
624 2550 643 2592 e
662 2528 831 2592 Plutarcho
851 2528 902 2593 De
922 2529 1013 2593 Facie
1030 2532 1133 2594 Lunae

135 2638 161 2704 Ρ·
175 2642 234 2710 923.
252 2631 300 2692 A:
331 2651 408 2707 non,
431 2642 468 2692 ut
497 2629 655 2693 Fabricius
682 2629 808 2714 accipit,
830 2629 974 2693 adversus
997 2631 1131 2696 Aristar·

138 2718 216 2790 chum
234 2730 485 2814 grammaticum,
501 2731 555 2816 qni
577 2731 642 2814 post
658 2729 849 2793 Cleanthem
866 2728 996 2793 demum
1016 2731 1132 2817 Olym·

135 2819 210 2904 piade
237 2828 355 2894 circiter
383 2830 500 2896 CLVI.
532 2831 651 2907 floruit,
679 2852 779 2915 quum
814 2829 867 2892 ille
895 2829 964 2914 jam
999 2829 1131 2916 Olymp.

135 2918 250 2994 CXXX.
269 2930 391 2995 Zenoni
407 2931 609 3010 succeslislet;
633 2930 783 3015 siquidem
798 2927 957 3015 sequimur
972 2930 1134 3017 diligentis

135 3017 227 3096 inhoc
246 3053 363 3118 genere
385 3032 440 3096 viri
463 3031 602 3096 calculos
623 3031 760 3097 Edvardi
785 3028 906 3096 Corsini
930 3033 1008 3096 Fast.
1030 3033 1133 3098 Attio.

135 3120 203 3194 Tom.
216 3130 272 3196 IV.
288 3154 321 3218 p.
333 3153 385 3219 91.
400 3145 433 3197 et
452 3151 522 3214 107.

161 3245 205 3312 31.
217 3231 255 3293 Ε.
280 3257 439 3318 magone
411 3232 552 3316 etiarm-]
590 3230 778 3309 Cavillasur,
806 3229 991 3316 ludficasur,
1019 3234 1132 3300 caleam·

135 3324 230 3396 Ιὶιιιιιι
252 3355 327 3396 nam
350 3332 505 3419 Xylandri
524 3346 658 3418 nugatur
676 3337 719 3399 est
733 3340 855 3418 φλυαρεῖ,
877 3333 967 3420 cujus
982 3350 1132 3402 caetemm

135 3424 244 3498 latim
236 3436 456 3518 interpretatio
478 3435 673 3520 praeserenda
695 3436 901 3515 Cmseriaoae,
917 3438 979 3502 hoc
1001 3440 1073 3505 loco
1091 3441 1133 3504 ab

135 3523 172 3595 lb
187 3533 348 3622 superatur
369 3550 509 3600 vertente
529 3537 704 3617 cavillatur,
726 3561 783 3603 nec
806 3540 996 3604 Grotianutn
1012 3543 1135 3627 jocatur

135 3635 241 3703 mnino
253 3635 340 3700 vocis
355 3637 499 3722 potestati
518 3637 677 3705 satisfacit.
712 3639 849 3727 Elegans
871 3662 930 3704 nec
952 3641 1133 3727 infrequens

135 3734 165 3798 ess
178 3739 236 3826 ejus
258 3742 333 3804 usus
352 3741 438 3827 apud
460 3741 678 3805 Plutarchum.
717 3743 869 3820 Primum,
891 3755 930 3805 ut
951 3743 1133 3828 εἰςωιιύιθιιι,
1261 3803 1265 3811 .

135 3831 226 3906 sirim
245 3841 445 3928 fimpliciter:
470 3841 568 3905 veluti
586 3842 746 3921 hocloco,
770 3856 804 3904 et
824 3843 909 3928 Opp.
924 3843 1010 3906 Mor.
1033 3862 1066 3927 p.
1080 3845 1134 3924 46.

135 3930 173 4001 D:
190 3943 313 4019 sebee-sae
326 3950 407 4026 -μὴ
422 3945 619 4025 concremasset
640 3943 841 4008 ἀκέων-ἀλλ’
860 3942 984 4031 rispamini
1005 3944 1027 4030 'h
1048 3969 1134 4032 osop-
1257 3988 1264 4001 ·

137 4034 185 4117 ps.
207 4044 251 4126 aa)
277 4046 537 4132 κατειρωνευόμενοι,
567 4046 790 4110 admonitionem
816 4046 933 4126 audire,
954 4072 1012 4111 non
1038 4049 1135 4111 animo

136 4134 259 4226 hesum,
271 4146 333 4233 sed
353 4148 512 4225 immotum,
531 4171 594 4210 mm
617 4149 691 4211 rifiu
711 4147 768 4211 oris
787 4147 1022 4234 diffimusantem.
1059 4150 1134 4214 612.

137 4234 168 4304 l
160 4257 271 4329 πμιιῑ
266 4275 285 4322 ς
307 4247 525 4334 maapwvsoo'evp
526 4274 549 4310 οι
570 4247 673 4332 λέγωσι
695 4253 733 4330 μὴ
757 4246 846 4311 δεῖι”
826 4274 963 4334 ιιιιιιιρ
941 4247 1136 4311 assensionem

136 4337 219 4434 hot,
239 4348 395 4434 φθέγῖιθαι
416 4348 588 4428 praeceptas,
610 4372 673 4411 cum
688 4348 878 4433 simulatione
898 4347 1136 4434 gravitatissu·

136 4436 273 4523 &consur
292 4451 430 4530 dicentcs,
449 4452 506 4563 phi.
503 4450 658 4537 [mopsien
677 4465 709 4513 ut
729 4448 950 4534 matremfamil
941 4472 986 4511 ιιιι
1004 4472 1062 4511 nors
1083 4449 1136 4512 de·

137 4535 214 4608 sere
204 4563 277 4615 anser
299 4552 404 4640 pocula
428 4553 526 4638 loqui.-
559 4573 689 4636 moxp.
712 4554 785 4635 613.
806 4552 843 4616 B.
872 4549 922 4613 his
948 4550 1138 4637 respondent

135 4651 224 4725 *aab
240 4652 446 4727 sumserimus
438 4651 575 4732 seipsis
561 4653 653 4712 seia·
632 4653 666 4724 εἰς
687 4675 747 4723 τους
767 4649 858 4724 osset
872 4647 993 4735 δέχεσθαι
1005 4677 1136 4738 autepo-
1217 4676 1228 4690 ·
