2684 5258
254 744 478 805 'JUDICIUM
497 746 552 805 DE
571 746 776 807 AUCIDRE.
995 758 1037 809 45

135 926 230 987 inem,
252 919 293 972 ut
311 907 366 972 srbi
384 907 561 990 ridebatur,
583 907 772 975 confutasset
790 906 852 975 hac
869 909 1040 997 reprehen-

139 1010 183 1075 Es
194 1008 335 1099 profesio,
350 1009 468 1096 inquit,
483 1012 639 1076 admodum
652 1011 791 1077 invalido
803 1022 936 1076 ureretur
946 1035 1042 1099 argu·

135 1112 243 1199 fiquis
260 1123 397 1199 putaret,
418 1112 481 1177 ideo
501 1138 521 1176 c
541 1112 701 1177 Plutarcho
711 1114 858 1202 scriptam
874 1112 956 1199 ssed
969 1127 1042 1201 prc-

135 1240 191 1281 m
210 1216 277 1303 effe,
297 1216 369 1303 quia
389 1215 535 1281 nonulla
553 1216 585 1281 in
604 1241 634 1280 eo
653 1228 816 1297 occurrant,
830 1241 900 1303 qua
912 1241 933 1281 a
951 1214 1045 1302 andro

148 1316 236 1381 libris
256 1314 437 1381 mntrcrr'am
454 1317 487 1380 in
505 1318 620 1382 πιοᾰιιιιι
640 1317 757 1406 prolata
771 1329 825 1381 aut
838 1317 977 1406 explicita
990 1317 1043 1381 irr-

135 1436 186 1483 Ἢν.
215 1419 345 1484 Dudum
360 1419 436 1482 caim
452 1417 634 1504 ‹stenderunt
647 1419 709 1484 viri
722 1420 811 1500 duat,
826 1443 883 1484 aaa
897 1419 1043 1507 insolam

135 1518 270 1585 lmnrcbo
279 1520 564 1607 easdemsmtentias
579 1521 744 1608 easdemque
758 1519 1042 1609 bssarimfledsndo

135 1624 230 1687 mdo
256 1622 301 1685 cd
325 1621 526 1709 diverstffimas
538 1624 639 1711 scopos
660 1623 883 1689 accommodare.
926 1621 1041 1709 Atqui,

135 1722 247 1797 ,aliud
259 1724 314 1804 est,
332 1723 408 1787 idem
422 1724 512 1787 aliter
530 1747 667 1806 rmrrarr,
687 1725 784 1804 aliud,
801 1726 878 1791 idam
894 1725 1042 1791 maara

135 1826 283 1913 fimodc
307 1833 455 1888 narrare}
487 1826 574 1891 aliud
596 1827 652 1907 est,
676 1850 737 1891 rem
761 1827 854 1914 ipsam
874 1828 1042 1907 immutare,

135 1926 269 1991 utuntur
284 1926 447 1991 tractandi.
493 1927 680 1994 Plutarchus
693 1927 840 1993 eamdem
854 1928 1042 1995 sententiam

135 2024 222 2090 niam
237 2024 329 2088 variis
342 2023 421 2088 locis
435 2024 479 2088 ita
493 2025 627 2111 prodere
645 2025 734 2105 solet,
753 2040 790 2089 ut
801 2048 876 2091 eam
888 2024 929 2091 ad
942 2027 1042 2093 uarie·

135 2125 313 2212 argumenti
326 2125 561 2205 accommodet,
577 2149 642 2190 non
659 2139 695 2188 ut
709 2125 889 2190 camaliam
902 2126 998 2191 sacia
1009 2139 1045 2190 et

135 2226 155 2293 ’e
177 2237 347 2313 repugnet.
392 2228 489 2289 Porro
504 2224 589 2287 illis
581 2247 613 2288 in
627 2223 706 2291 locis
721 2225 775 2290 ubi
791 2223 912 2312 aliquid
932 2225 1045 2290 falsum

135 2324 278 2393 uriarum
302 2325 461 2390 consensui
485 2348 667 2413 repugnans
692 2325 847 2412 proditur,
871 2326 950 2413 quid
971 2327 1045 2393 sunt
1081 2364 1082 2368 =

135 2423 284 2489 uetantia
302 2429 442 2491 errores?
469 2425 549 2541 Cap.
565 2426 608 2490 11.
599 2448 656 2514 ..p
672 2446 701 2490 1.
716 2426 757 2491 C.
771 2426 1043 2493 Tbemistoclisfi-

135 2526 292 2614 sepseram
304 2541 456 2609 iocatur,
476 2528 532 2612 qui
551 2528 594 2591 est
615 2527 824 2616 Cleophantus.
870 2529 951 2617 Cap.
966 2532 1044 2595 Vll.

135 2667 150 2693 ,ι
172 2628 276 2693 Crates
295 2629 458 2694 sententias
478 2628 623 2714 proditur
634 2630 755 2709 austor,
773 2631 828 2717 qui
843 2631 885 2694 est
900 2632 1044 2696 Socrates.

135 2730 157 2792 i.
178 2750 214 2816 p.
227 2730 257 2792 8.
271 2730 310 2793 B.
334 2729 559 2815 Epaminondas
580 2729 613 2793 in
636 2730 774 2795 Platonis
794 2730 955 2815 discipulis
975 2753 1044 2797 me·

135 2848 174 2891 ir.
220 2826 297 2913 Cap.
314 2828 374 2893 Vl.
396 2850 428 2913 p.
444 2830 473 2891 8.
486 2831 529 2892 A.
553 2828 682 2892 Socratis
702 2827 824 2893 diuum
839 2829 926 2915 apud
937 2829 1044 2895 Plato·

135 2953 138 2992 ι
154 2927 277 3015 Gorgia
289 2929 463 3014 apponitur
477 2950 553 2993 cum
573 2928 633 2994 hac
647 2928 846 3014 prefatione,
866 2930 1047 3014 ἐρωτήσαντος

135 3031 180 3113 poi
206 3033 289 3110 δοκεῖ,
312 3031 441 3117 Γοργίυι
470 3043 503 3094 at
527 3030 621 3096 Polus
643 3030 715 3110 suit,
738 3028 794 3117 qui
817 3029 1046 3117 interrogaret!

135 3154 169 3196 ιιι
192 3154 253 3196 nec
274 3153 360 3195 error
378 3154 436 3196 nec
454 3130 612 3196 dubitatio
632 3131 802 3197 istiusmodi
816 3131 901 3197 cadit
917 3130 951 3196 in
971 3132 1047 3199 Plu-

135 3233 182 3298 rel
196 3232 460 3305 consuetudinem
475 3234 524 3298 rel
539 3233 694 3298 rationem
706 3256 743 3298 ac
756 3231 944 3301 austrinam.
970 3235 1047 3317 sed,

135 3332 209 3420 puis,
233 3333 269 3396 hi
290 3334 363 3398 sunt
384 3334 432 3397 vel
455 3333 617 3399 memoriae
638 3332 743 3420 lapsus
760 3334 850 3400 venia
871 3336 973 3423 digni,
989 3349 1049 3401 aut

135 3456 219 3499 rrum
240 3455 361 3498 errores
383 3434 574 3522 corrigendi.
618 3436 787 3501 Enimvero
808 3437 864 3523 qui
889 3436 1050 3507 Plutarchi

135 3533 207 3600 iam
222 3535 322 3616 novit,
343 3534 427 3599 idern
443 3536 531 3600 novit
548 3560 619 3600 eam
635 3537 715 3601 adeo
729 3538 892 3624 pueriliter
905 3538 970 3604 labi
983 3562 1050 3605 non

134 3636 167 3702 'e.
209 3636 358 3702 Librariis
380 3652 413 3701 et
433 3660 496 3725 ego
515 3638 686 3725 aliquando
704 3639 764 3703 hos
778 3662 897 3706 errores
912 3641 1051 3705 tribuere

145 3758 240 3824 quam
260 3739 423 3825 scriptori:
447 3740 568 3804 mutavi
589 3740 789 3821 sententiam,
807 3741 939 3806 homine
956 3741 1051 3805 sami-

143 3840 276 3927 cognito
289 3855 325 3905 et
338 3840 471 3904 interius
490 3842 673 3928 perspesto:
696 3840 737 3904 ad
757 3841 910 3928 majorem
929 3853 1051 3927 partem

135 3941 176 4008 da
195 3943 239 4007 est
258 3941 314 4006 illa
338 3941 488 4028 aequitas:
512 3942 671 4008 utendum
692 3942 734 4005 cst
756 3964 793 4005 ca
812 3941 868 4007 ubi
888 3940 921 4007 in
936 3965 1054 4032 magna

135 4044 161 4111 se
188 4067 246 4132 per
272 4057 379 4109 totum
405 4043 522 4107 librum
548 4043 716 4130 diligentia
739 4057 772 4109 et
797 4042 940 4112 doctrina
961 4047 1053 4134 pauci

135 4161 195 4212 unt
209 4169 343 4226 errores,
358 4169 423 4211 non
439 4146 494 4210 ubi
511 4147 660 4233 frequens
674 4146 716 4210 cst
736 4170 794 4234 per
808 4161 915 4214 totiun
936 4149 1054 4215 librum

135 4246 221 4313 entia
232 4267 309 4311 cum
324 4244 476 4309 dostrinae
491 4261 561 4310 tum
576 4246 717 4310 rationis.

135 4396 139 4413 .
168 4346 322 4412 Materiae
340 4368 412 4433 pars
432 4345 529 4411 etiam
544 4347 617 4410 sunt
634 4345 801 4433 singularia
815 4348 899 4413 dista
914 4343 1054 4434 judicia-

135 4447 277 4535 riptoris.
322 4446 451 4509 Horum
467 4468 532 4509 non
551 4468 653 4531 pauca
666 4448 739 4511 sunt
754 4448 786 4510 in
801 4449 917 4534 quibus
931 4469 990 4513 nec
1006 4471 1055 4512 ra-

135 4547 344 4616 :confilium
370 4559 532 4632 appareat,
559 4569 694 4634 quaequc
718 4548 820 4633 magis
842 4571 918 4613 curn
942 4548 1057 4636 puerili

135 4651 220 4718 entia
241 4672 280 4715 ac
304 4648 496 4727 temeritate,
516 4671 613 4734 quarn
635 4671 711 4713 curn
734 4649 874 4733 cogitate
896 4649 1057 4715 scribentis
