2684 5258
280 371 304 436 ⁶
412 421 416 429 .
482 369 528 436 n.
542 368 604 436 w.
618 366 852 435 ruAErAno
867 312 1107 433 'uuinton

280 553 395 627 verns
410 552 498 627 uui
516 552 692 624 adhibebit
714 554 886 651 interpres
908 552 1068 626 officium
1084 551 1180 649 quod
1197 554 1312 625 mr.

280 686 341 749 tur
357 678 395 749 in
414 676 497 750 locis
514 673 654 747 aliunde
669 674 804 764 sumtis,
822 677 880 749 seu
899 674 1023 748 diserte
1039 685 1235 747 memorato
1250 675 1313 747 seu

281 799 410 871 omisso.
422 797 586 870 Audieris
603 800 757 887 nomine,
775 798 842 870 sive
860 797 1030 870 imitando
1048 795 1222 893 expressis,
1240 797 1313 871 five

277 919 468 994 alludendo
495 919 712 1018 significatius
739 920 933 1016 cujusmodi
959 919 1026 992 loci
1053 920 1091 991 in
1117 918 1216 991 nullo
1234 919 1314 991 sere

147 1119 149 1125 ,
278 1041 439 1116 Audlore
471 1040 721 1140 frequentiores
765 1041 856 1132 sunt,
890 1067 997 1140 quam
1030 1043 1068 1114 in
1108 1040 1310 1113 Plutarcho.

281 1165 455 1252 Omnino,
471 1167 608 1263 propria
622 1166 665 1238 ab
681 1167 803 1241 aliems
818 1168 869 1238 ita
882 1165 1154 1274 distinguantur,
1171 1174 1213 1235 ut
1230 1163 1312 1236 nul-

280 1284 338 1360 lus
361 1310 434 1359 non
457 1298 600 1361 notetur
616 1288 715 1362 locus
738 1290 775 1361 in
792 1313 896 1387 quem
916 1286 1054 1359 aliunde
1068 1285 1155 1382 quid
1177 1284 1313 1358 duxisse

279 1408 440 1482 videntur
459 1410 605 1483 Austor.
657 1412 810 1513 Quodsi
826 1412 922 1484 enim
940 1411 1057 1482 minus
1074 1408 1118 1480 ad
1130 1407 1238 1504 'ipsius
1257 1411 1313 1481 in-

160 1595 162 1600 ,
279 1531 510 1630 telligentiam
539 1533 706 1607 Austoris
730 1534 870 1622 valeret,
898 1544 1016 1605 lernen
1025 1564 1033 1575 ·*
1044 1531 1237 1629 pertinebat
1267 1531 1314 1603 ad

124 1743 126 1748 ,
157 1710 160 1715 -
276 1653 453 1750 judicium
469 1655 515 1728 de
530 1657 687 1730 Andore
710 1669 747 1729 et
769 1658 936 1730 Critimm
961 1654 1186 1752 provinciam,
1203 1654 1313 1750 perti.

281 1778 388 1851 nebat
412 1779 457 1851 ad
480 1779 709 1853 humanitatis
734 1781 933 1878 ingeniique
957 1776 1247 1872 fruetum„‚nosse
1269 1803 1314 1848 u-

282 1909 377 1971 trum
395 1923 417 1968 a
433 1897 467 1970 se
483 1898 562 1995 ipse,
580 1924 626 1971 an
641 1900 686 1971 ab
702 1899 781 1988 alio,
799 1901 859 1973 sua
873 1903 1001 1972 habeut
1017 1899 1164 1972 Audlor.
1200 1898 1314 1972 Nunc

283 2021 376 2093 mnti
400 2021 449 2093 est
470 2022 642 2094 momenti
663 2020 708 2092 ad
735 2021 838 2118 ipsum
863 2021 1030 2095 Auooris
1049 2021 1313 2118 intelligentiam

281 2141 353 2217 hoe
377 2142 547 2235 officium,
576 2155 618 2219 ut
642 2143 700 2216 illa
722 2145 878 2216 constare
896 2140 969 2216 sme
989 2142 1059 2214 hoc
1075 2143 1222 2215 omnino
1239 2168 1314 2217 non

283 2265 398 2362 pone
750 2322 754 2329 2

346 2388 417 2463 sed
432 2389 527 2485 quod
554 2387 645 2487 saepe
666 2390 830 2478 diximus,
854 2389 912 2461 illa
936 2387 1180 2491 interpretandi
1196 2387 1315 2461 officia

284 2509 482 2585 adhibenda
507 2513 576 2584 esse
600 2512 684 2585 locis
706 2515 746 2586 iis
765 2515 827 2612 qui
850 2537 893 2585 ea
914 2511 1124 2600 desiderent,
1140 2522 1177 2582 et
1198 2536 1313 2608 quan·

285 2645 363 2708 tum
388 2634 579 2706 desiderent
604 2647 710 2731 atque
733 2660 822 2733 opus
845 2635 1017 2707 habeant:
1043 2635 1121 2706 hoc·
1131 2633 1234 2730 quale
1256 2634 1311 2723 fit,

285 2754 553 2852 intelligendum
582 2757 641 2828 est.
705 2758 949 2855 Interpretntio
974 2770 1110 2830 certum
1135 2756 1242 2862 sutem
1269 2782 1311 2829 uc

285 2876 433 2950 modum
459 2877 595 2950 lubeat
646 2879 756 2968 Nam,
782 2893 823 2953 ut
847 2903 953 2951 nemo
977 2880 1114 2952 dubitat
1134 2873 1221 2976 quin
1241 2881 1312 2979 ob·

287 2999 384 3071 scura
400 2998 567 3089 illustrari,
591 3002 755 3098 impedita
774 3001 924 3100 expediri
945 3003 1119 3076 debeant:
1146 3003 1196 3074 ita
1210 3001 1312 3103 dpbi.

288 3132 383 3194 tatur
399 3122 484 3218 quid
501 3122 542 3195 sit
557 3123 742 3197 obscurum
765 3138 802 3199 et
825 3125 1044 3222 impeditum.
1094 3109 1206 3221 Atqui
1232 3125 1313 3197 haec

287 3269 361 3317 non
376 3268 438 3341 per
455 3244 489 3317 se
510 3243 565 3318 sed
587 3250 844 3345 comparatione
859 3249 1038 3321 constant:
1064 3270 1137 3321 non
1154 3246 1234 3320 sunt
1249 3248 1312 3320 ab·

287 3367 408 3455 soluto,
434 3363 490 3440 sed
515 3369 640 3452 relata3
675 3384 717 3444 ut
742 3371 837 3468 quud
861 3371 934 3444 aliis
957 3371 1141 3449 obscurum
1167 3369 1312 3468 impedi-

288 3500 437 3586 tumque
454 3490 506 3579 fit,
523 3492 616 3565 idem
632 3493 706 3566 aliis
727 3494 941 3592 perspicuum
965 3495 1235 3593 expeditumque
1257 3517 1312 3566 re·

288 3613 449 3708 periatur.
494 3614 590 3711 Ergo
615 3640 731 3714 neque
755 3620 806 3691 ita
824 3618 1051 3692 diffundenda
1072 3617 1123 3691 est
1137 3617 1315 3713 Interpre-

170 3758 175 3766 ·
288 3735 387 3822 totio,
405 3745 447 3805 ut
463 3759 523 3806 eos
542 3738 645 3834 etiam
665 3738 761 3812 locos
775 3741 935 3837 explicet,
952 3741 1013 3837 qui
1029 3763 1102 3811 non
1118 3738 1182 3811 nisi
1196 3740 1312 3835 pueris

288 3880 336 3929 uc·
347 3856 515 3930 tironibus
537 3857 669 3931 obscuri
691 3861 780 3934 sint:
807 3886 923 3960 neque
944 3864 993 3934 ita
1008 3860 1253 3959 restringenda,
1271 3873 1312 3935 ut

116 3980 121 4002 '
288 4003 362 4053 non
384 3979 447 4054 nisi
469 4005 530 4052 eos
552 3983 703 4079 ottingat
723 3984 828 4073 locos,
846 3986 883 4057 in
900 3984 1028 4082 quibus
1043 3978 1227 4056 doe‘lissrmi
1244 3984 1310 4056 ho·

289 4101 402 4174 mines
426 4103 595 4177 haereant.
644 4104 688 4176 In
709 4108 812 4202 priori
835 4130 962 4205 genere
982 4106 1060 4178 sunt
1076 4088 1309 4194 Minelliunae,

289 4221 527 4317 Farnobinnoe,
552 4225 743 4324 similesque
767 4228 962 4303 editiones:
997 4254 1085 4329 quas
1109 4220 1183 4328 'ego
1214 4228 1310 4303 haud
