2684 5258
187 730 241 798 m
261 729 529 798 rumaren:
552 731 695 798 orem
714 732 940 802 nonnum.
1036 759 1075 830 13
1146 686 1150 695 ¹

65 929 97 989 et
118 917 233 1006 fidera‘,
248 921 250 924 ’
263 916 430 990 eumdem
446 921 627 1014 'perpetuo
654 928 691 989 et
719 918 927 1015 aequabilern
952 922 1079 1022 tenetis
1107 949 1114 975 ⁸

64 1054 203 1112 uotum.
255 1039 439 1111 Caetemm
462 1042 516 1111 ab‘
530 1040 585 1112 his
599 1037 774 1112 disoodens
789 1065 830 1112 ac
846 1047 920 1113 rem
938 1054 1084 1116 mecum
1138 1022 1146 1034 ’

64 1162 125 1258 ipse
150 1170 329 1259 reputans,
357 1160 594 1259 intelligebam
619 1156 679 1233 eos
704 1162 772 1233 effe
795 1162 958 1235 homines
981 1164 1082 1239 vaide

61 1283 253 1373 laudabiles,
270 1282 432 1354 efficaces
446 1285 530 1357 item
547 1295 584 1356 et
600 1283 701 1356 utiles
717 1283 760 1355 ad
777 1285 979 1380 quotidiana
994 1288 1080 1360 vitae

60 1408 196 1505 negotia
210 1431 296 1478 cum
311 1405 499 1477 domestica
517 1404 722 1503 et'publica,
748 1419 823 1480 tum
840 1409 947 1480 etiam
964 1408 1079 1481 litera-

58 1530 115 1616 ria,
134 1531 256 1601 minus
280 1539 401 1600 tamen
426 1528 469 1598 ad
493 1530 632 1626 egregia
648 1539 691 1599 et
712 1528 845 1601 insolita
860 1554 985 1628 opera:
1012 1554 1079 1604 nec

56 1650 131 1723 fine
147 1650 263 1724 ullum
280 1674 402 1721 eorum
420 1675 462 1722 ex
485 1650 555 1722 hoc
570 1673 696 1748 genere
711 1674 811 1748 opus,
828 1655 984 1747 quamvis
1000 1653 1078 1726 dili-

52 1785 177 1871 genter
195 1796 370 1869 quaerena,
392 1773 624 1868 reperiebam:
652 1774 768 1870 itaque
787 1798 860 1862 eos,
884 1776 920 1847 in
943 1774 1081 1848 summo

53 1896 112 1968 iilo
131 1896 269 1982 ordine,
289 1895 361 1966 hoc
381 1894 505 1991 ipsum,
529 1896 640 1968 ut'ita
661 1895 787 1984 dicam,
811 1896 1078 1981 hominesordi·

52 2019 169 2090 uarios
184 2018 268 2106 etse,
283 2028 347 2090 aut
362 2019 478 2113 potius
501 2018 574 2090 stne
594 2017 652 2089 illo
673 2017 796 2089 ordine
811 2018 925 2091 nullos
941 2019 1079 2093 futuros

50 2139 168 2213 fuiiie.
537 2147 540 2151 ’

115 2263 249 2360 Neque
272 2286 354 2335 vero
377 2263 521 2335 ita'hoc
547 2261 635 2350 dico,
663 2286 704 2334 ac
731 2260 757 2334 fi
784 2262 942 2335 ordinem
969 2265 1081 2361 magis

53 2385 306 2456 mediocritatis
331 2410 437 2480 quam
463 2385 676 2457 excellentiae
700 2385 901 2458 effectorem
927 2387 996 2459 effe
1017 2412 1079 2458 ex·

57 2507 219 2578 istimem.
269 2507 365 2579 Nam
384 2507 519 2579 nullum
541 2509 589 2579 est
609 2518 748 2580 tantum
765 2510 961 2605 ingenium,
978 2521 1020 2580 ut
1035 2509 1080 2580 ad

55 2629 259 2702 discendum
278 2630 637 2727 progrediendumque
659 2630 731 2702 fine
752 2631 873 2703 ordine
889 2631 1080 2727 quidquam

57 2758 274 2849 magnopere
285 2751 420 2822 valeat:
448 2762 485 2822 et
510 2752 577 2847 ipse
602 2778 659 2824 me
681 2754 717 2823 in
733 2751 942 2826 Praefatione
966 2778 1001 2848 p.
1020 2765 1080 2824 33.-

58 2873 225 2970 profeffus
256 2873 328 2945 sum
358 2885 395 2944 et
417 2873 531 2945 adhuc
556 2874 718 2970 profiteor
747 2899 819 2945 non
845 2876 881 2946 in
906 2874 1082 2947 velocibus

58 2998 220 3111 ingeniis,
239 2995 297 3067 sed
320 2997 356 3066 in
374 2996 488 3082 tardis,
512 3022 592 3092 quae
618 2996 734 3067 labore
759 3007 795 3067 et
817 2994 937 3065 ordine
961 2997 1081 3068 nitun-

59 3131 127 3190 tur.
179 3118 230 3190 Et
248 3116 370 3189 vellem
390 3117 466 3189 sane
483 3119 612 3190 ordinis
629 3118 741 3215 legem
759 3117 972 3190 constantius
988 3117 1082 3215 sequi

61 3242 212 3336 possirm:
240 3240 297 3311 sed
322 3241 460 3337 quando
486 3265 558 3312 non
584 3241 762 3336 possumus
786 3241 881 3336 quod
906 3239 1080 3330 volumus,

61 3362 228 3435 debemus
255 3362 341 3434 velle
370 3376 405 3434 et
431 3387 539 3464 agere!
565 3362 660 3459 quod
688 3363 877 3458 poisumus,
907 3360 1083 3436 observare

63 3498 258 3582 opportuna
280 3486 323 3557 ad
346 3486 521 3582 agendum
545 3496 710 3581 tempora,
736 3486 793 3556 ubi
810 3487 949 3557 excitari
966 3510 1031 3556 nos
1047 3498 1085 3558 et

65 3607 243 3679 alacriores
268 3606 312 3679 ad
336 3606 488 3679 laborem
511 3607 583 3679 fieri
610 3608 786 3696 sentimus,
804 3633 913 3704 eaque
929 3620 1086 3703 tempora

65 3727 174 3800 subito
190 3729 223 3800 se
239 3730 420 3801 offerentia
442 3729 553 3800 subito
574 3733 718 3826 arripere
737 3754 776 3801 ac
800 3729 905 3826 sequi,
923 3727 1084 3824 sepositis,

65 3851 178 3946 quoad
193 3855 269 3946 ejus
284 3853 359 3924 fieri
376 3855 497 3948 potest,
514 3853 690 3924 ordinariis
708 3852 868 3948 negotiis.
912 3847 1086 3946 Equidem

65 3997 132 4067 quo
150 3976 262 4070 magis
280 3974 326 4045 illi
350 3967 456 4067 γνῶθι
476 3969 616 4046 σεαυτὸν
633 3973 764 4061 studeo,
783 3996 825 4043 eo
843 3974 953 4071 magis
971 3997 1087 4046 meam

66 4094 130 4191 ipse
164 4095 439 4169 mediocritatem
468 4097 639 4194 agnosco;
679 4098 810 4193 reperio
839 4120 958 4170 meum
989 4098 1087 4193 inge-

69 4220 164 4290 nium
189 4221 226 4289 in
246 4212 360 4290 medii:
384 4219 535 4316 quadam
559 4219 658 4291 claffe
683 4219 824 4291 versari:
851 4242 963 4315 neque
980 4219 1017 4288 in
1034 4219 1088 4288 in·

68 4339 147 4411 fima
162 4366 300 4429 eorum,
318 4345 391 4438 qui,
414 4341 476 4413 nifi
499 4357 662 4439 perpetua
684 4368 724 4413 ac
741 4342 852 4413 severa
868 4339 997 4412 ordinis
1013 4338 1090 4436 lege

68 4463 226 4552 adstricti,
245 4464 294 4536 nil
312 4466 472 4561 possunt:
499 4488 613 4559 neque
631 4466 668 4535 in
692 4464 848 4561 suprema
871 4486 1006 4549 eorum,
1028 4465 1089 4557 qui

69 4584 136 4657 fine
152 4587 275 4660 ordine
293 4571 411 4674 omnia
426 4588 589 4684 potsunt:
616 4586 673 4661 sed
695 4587 732 4660 in
749 4587 860 4660 media
878 4609 1012 4674 eornm,
1030 4585 1091 4680 qui
