2684 5258
189 733 532 802 1N PLUTAR0111
553 734 699 802 OPERA
722 736 947 804 MORALIA.
1043 760 1082 824 17

10 884 13 903 Ι
74 919 130 1007 bat,
161 934 204 993 ut
232 920 359 1016 aliquis
387 921 562 993 minorum
591 919 749 1017 gentium
783 920 946 1009 Criticua,
980 934 1086 1018 atque

72 1041 142 1113 adeo
164 1054 270 1115 terrm
286 1040 402 1129 filius,
416 1044 549 1114 interea
565 1039 631 1115 tale
645 1042 731 1137 quid
748 1031 1033 1118 animadverteret
1048 1057 1086 1118 et

67 1164 229 1237 ooubnuo
253 1165 292 1235 in
316 1163 496 1259 publicum
521 1162 689 1260 proderet,
710 1164 765 1237 vel
789 1166 840 1235 uti
860 1163 1025 1261 graculus
1048 1168 1085 1240 iu

68 1285 208 1380 predam
226 1285 279 1357 ita
295 1287 332 1356 in
349 1284 441 1357 hanc
456 1282 635 1382 gloriolam
652 1282 832 1372 involaret,
846 1285 957 1359 altum
972 1288 1084 1383 quod.

64 1406 137 1478 dam
169 1431 392 1502 raucumque
424 1407 599 1494 clamaret,
633 1407 667 1480 se
699 1406 865 1481 nimirum
899 1407 934 1479 id
966 1408 1085 1487 vidisse
1207 1486 1211 1491 ,

67 1528 152 1624 quod
174 1541 316 1601 tantum
340 1531 453 1600 virum
480 1527 641 1600 latuisset.
670 1594 675 1600 .
706 1530 846 1627 Quibus
869 1528 1017 1626 graculis
1042 1545 1082 1602 ut

65 1672 128 1723 non
151 1674 368 1748 magnopere
391 1651 597 1721 movebatur
620 1649 911 1738 Hemsterhufius,
938 1653 987 1723 ita
1015 1655 1082 1724 mi-

62 1795 122 1844 nus
146 1775 256 1844 etiam
283 1771 328 1842 ad
354 1770 571 1845 scribendum
604 1772 827 1845 excitabatur.
889 1773 1082 1845 Enimvero

61 1894 132 1989 quia
152 1917 329 1990 umquam
355 1892 423 1965 fuit
453 1892 577 1979 editor,
602 1894 660 1966 cui
685 1916 758 1965 non
781 1866 855 1988 post
879 1893 1013 1965 editum
1040 1893 1081 1969 li-

60 2015 157 2088 brum
173 2015 342 2112 quaedam
366 2015 402 2086 in
427 2028 584 2087 mentem
601 2017 742 2089 veniant
763 2016 1006 2109 praetermissa?
1032 2017 1083 2088 Et

58 2135 134 2210 hc
156 2151 280 2211 tamen
304 2139 342 2208 in
366 2136 495 2209 scriniis
518 2134 627 2208 servat
652 2138 783 2209 interea
808 2135 893 2207 dum
915 2136 1082 2233 vulgandi

58 2261 298 2357 opportunitas
319 2258 508 2331 offeratur:
534 2257 597 2329 nisi
620 2256 646 2332 fi
671 2258 749 2352 quis
768 2255 950 2353 pueriliter,
976 2267 1016 2336 ut
1032 2259 1083 2335 ita

57 2381 186 2467 dimna,
219 2379 415 2468 edituriens,
442 2379 628 2475 quotannis
656 2378 1003 2455 Animadverfionum
1037 2380 1079 2453 li-

61 2501 188 2576 bellum
206 2501 344 2600 vulgare
358 2501 451 2590 velit,
470 2502 597 2599 quibus
614 2512 746 2572 veteres
771 2502 942 2591 retradtet,
960 2515 997 2574 et
1015 2527 1079 2574 no-

59 2648 113 2695 vas
138 2626 225 2696 item
252 2625 446 2697 subitaneae
471 2624 574 2697 addat
603 2625 761 2720 proximo
788 2624 900 2696 rursus
926 2651 1019 2696 anno
1043 2636 1081 2697 et

60 2745 170 2818 libello
199 2745 456 2828 retradiandast
497 2760 536 2818 ut
565 2745 690 2817 scilicet
719 2758 856 2842 partum
886 2746 954 2842 ipse
980 2747 1079 2819 suurn

60 2869 215 2956 ostentet,
243 2893 309 2939 nec
331 2872 407 2963 ejus
427 2867 570 2966 gloriam
592 2868 653 2940 fibi
676 2867 719 2939 ab
744 2868 811 2939 alio
827 2870 963 2964 praeripi
979 2869 1079 2957 sinat,

50 2982 168 3076 ’Μήτις
185 2977 282 3072 κῦδος
297 2979 409 3090 ἄροιτο
429 2980 560 3077 βαλὼν,
578 2983 595 3061 o‘
613 2978 645 3060 δὲ
666 2977 809 3085 δεύτερος
825 2975 930 3061 ἔλθοι.
973 2990 1080 3059 Unus

58 3111 192 3183 fortaffe
207 3114 259 3183 est
274 3114 544 3194 commentarius
560 3111 763 3186 Ruhnkenii
781 3114 818 3183 in
833 3111 962 3185 Timaei
980 3111 1079 3183 Lexi-

58 3258 121 3306 con
139 3233 374 3322 Platonicum,
400 3260 443 3307 ex
466 3234 618 3308 editione
643 3233 759 3322 altera,
781 3235 837 3308 cui
858 3233 906 3304 nil
923 3234 966 3304 ad
983 3234 1078 3305 abso

58 3353 227 3428 lotionem
252 3354 355 3437 desit.
398 3356 466 3430 Sed
483 3359 561 3453 quis
577 3357 682 3445 dicat,
699 3381 772 3427 non
794 3381 866 3427 uno
887 3367 948 3427 aut
971 3355 1080 3428 altero
1110 3338 1115 3343 ⁸

59 3475 133 3550 loco
149 3478 238 3573 quid
262 3477 342 3551 addi
366 3479 486 3576 posse?
513 3478 796 3575 quandoquidem
819 3504 860 3551 ea
881 3480 930 3554 est
951 3478 1079 3553 horum

59 3622 202 3694 operum
227 3609 350 3672 natura
372 3613 414 3673 ut
438 3600 569 3697 semper
591 3601 770 3672 acceffioni
794 3600 890 3675 locus
907 3600 1080 3696 relinqua-

59 3732 123 3791 tur.
175 3722 305 3816 Atque,
334 3721 471 3819 siquid
499 3723 609 3809 viden,
637 3748 730 3795 unus
755 3723 821 3797 fuit
846 3723 919 3819 post
945 3734 1081 3792 renatas

58 3840 192 3915 Litaras
208 3842 442 3917 Ruluikenius
458 3869 501 3917 ex
516 3847 634 3943 paucis
652 3847 704 3931 iis,
721 3846 847 3939 quibus
871 3843 939 3911 hoc
958 3843 993 3911 in
1008 3842 1079 3913 stu-

58 3963 194 4037 diorum
220 3989 360 4062 genere,
386 3991 448 4064 par
469 3992 552 4038 cum
576 3967 727 4045 efficacia
747 3962 901 4050 facilitas,
919 3988 1080 4060 parcum

59 4083 205 4159 secundo
230 4066 385 4162 fortunae
410 4088 499 4164 flatu
517 4087 732 4186 gubernandi
759 4085 888 4158 solertia
904 4086 1079 4182 obtigerit.

59 4205 232 4304 Equidem
256 4208 327 4306 ipse
348 4235 491 4307 quoque
516 4213 552 4281 in
577 4209 763 4284 Plutarcho
786 4209 973 4280 editionem
992 4206 1080 4277 milii

59 4330 299 4430 proposueram
317 4332 482 4413 omnibus
505 4334 657 4410 numeria
673 4331 875 4417 absolutam,
893 4328 1080 4424 praesertim

61 4452 149 4545 quod
178 4452 224 4524 ad
253 4451 491 4552 colligendum
520 4453 690 4527 doctrinm
716 4465 915 4549 apparatum
942 4450 1078 4520 attinet.

60 4571 105 4645 At
121 4599 206 4647 mox
223 4575 464 4676 animadverti,
486 4600 544 4650 me
566 4579 678 4671 majus
700 4574 878 4672 quoddam
895 4597 1001 4671 quam
1018 4596 1080 4666 pro

117 4720 202 4775 vou.
223 4721 279 4770 vr.
572 4722 593 4782 c
