2684 5258
285 715 348 777 ns
366 715 592 777 sonunmrs
614 716 758 777 roms.
778 734 807 794 p.
819 724 868 777 αα.
882 716 966 786 nn.
1083 726 1143 778 ms

135 893 186 967 ΕΙ.
207 890 246 946 et
267 879 337 967 seq.
365 877 503 967 indeque
527 877 663 945 relatum
683 877 716 943 in
736 878 926 966 Tayloriona
946 876 1087 945 editione
1111 898 1146 965 p.

135 985 202 1067 ipe
225 981 318 1049 unde
338 983 573 1070 cognoscimus,
596 1004 672 1046 eum
692 982 863 1069 quotannis
884 983 918 1047 in
940 982 1151 1047 Comioonnn

135 1076 217 1151 ltinis
236 1083 401 1171 agitatum
419 1083 518 1169 soille,
539 1096 637 1169 etque
650 1083 731 1147 odeo
747 1081 934 1149 Strattidem
948 1096 1054 1149 totum
1072 1081 1148 1147 dra·

138 1206 177 1255 Ιι
193 1190 226 1255 in
247 1210 326 1255 eum
349 1185 503 1271 scripsisse.
536 1186 771 1271 Harpocration
792 1185 825 1248 in
847 1207 925 1250 voce
942 1183 1087 1263 Κινησίας,
1106 1180 1150 1249 ad

141 1308 258 1378 umque
275 1290 325 1355 Η.
339 1287 479 1356 Valesius
497 1309 533 1378 p.
546 1302 601 1371 45.
615 1288 647 1352 J.
659 1289 702 1350 A.
717 1285 877 1351 Fabrichrs
898 1284 981 1350 Bibl.
997 1287 1055 1352 Gr.
1071 1284 1148 1352 Vol.

172 1415 275 1563 liz-A.
298 1494 331 1556 rl
353 1498 402 1556 rori
423 1489 532 1560 ΒΜ
552 1493 625 1577 πρὸς
644 1492 692 1554 ris
712 1490 843 1576 Θῖογνιν]
879 1488 1077 1577 Theognidis
1101 1489 1149 1555 est

141 1590 264 1674 (loom,
281 1593 373 1657 versu
388 1607 460 1675 177.
480 1590 567 1675 apud
584 1591 676 1654 Stob.
698 1613 731 1677 p.
745 1606 830 1675 517:
855 1588 1097 1675 reprehenditur
1110 1602 1148 1655 et

136 1708 154 1753 t
169 1694 308 1759 Lucieno
328 1691 369 1756 de
391 1690 541 1755 Mercede
557 1689 745 1771 Conduelis,
758 1706 792 1775 5.
805 1692 844 1754 T.
861 1692 888 1754 l.
910 1713 944 1778 p.
958 1692 1035 1776 659.
1065 1689 1150 1760 Aliis

135 1795 225 1861 verbis
245 1794 305 1859 hos
321 1793 426 1857 versus
446 1792 670 1877 interpretatur
683 1791 906 1856 Artemidorus
925 1792 953 1856 1.
967 1811 1022 1875 34.
1044 1810 1079 1875 p.
1092 1808 1149 1875 32.

135 1892 177 1961 Εἰ
187 1895 270 1962 didio
282 1893 404 1971 BioniS,
422 1898 489 1967 Πῶς
502 1891 545 1956 οὖν
558 1895 594 1961 σὺ
606 1891 682 1970 πίνης
695 1893 730 1957 cis
741 1899 867 1979 φλυαρεῖς
880 1900 1006 1956 τοσαῦτα
1019 1892 1041 1978 'l
1056 1918 1149 1957 nura·

135 1992 245 2083 Ιωχός
267 2004 354 2079 ἡμῶν,
377 1994 636 2061 Plutarcheorum
657 1996 811 2061 librorum
834 1994 984 2059 studiosus
1004 1995 1151 2062 Julianus

135 2092 246 2167 duxilie'
255 2096 380 2162 videtur
394 2095 457 2160 hoc
478 2096 511 2160 in
532 2097 629 2181 Epist.
645 2097 739 2161 XIV.
760 2117 794 2182 p.
807 2096 882 2180 381.
895 2095 950 2161 Dr
970 2100 1073 2159 Ταῦτα
1086 2096 1151 2172 ἴσως

135 2201 339 2288 militine&
351 2225 391 2263 rs
403 2201 426 2286 ’i
440 2200 626 2286 κατελήρησα.
663 2198 748 2262 Illud
769 2199 900 2262 verbum
913 2198 1040 2284 reponit
1059 2197 1151 2264 Plut-

135 2301 239 2367 l'oeltus
259 2303 312 2367 De
332 2299 460 2366 Garrul.
480 2321 514 2386 p.
528 2315 605 2385 503.
619 2301 667 2364 Bt
691 2298 903 2383 κατηδολίχηκά
926 2322 988 2381 σου,
1008 2297 1150 2383 φιλὸπρι.

135 2396 240 2466 Snidns
255 2402 288 2466 in
305 2422 384 2465 voce
397 2399 622 2484 Καηδολέχησᾶ
643 2424 681 2462 rs
703 2401 892 2464 alterutrum
905 2400 1013 2465 locum
1028 2400 1150 2486 spesin-

135 2497 199 2565 rit:
223 2522 416 2589 qrramquam
437 2499 478 2563 ad
498 2500 662 2566 Julianum
684 2501 781 2566 refert
801 2501 945 2587 Toupius
967 2501 1045 2566 Cur.
1065 2503 1151 2570 Nov.

135 2614 169 2683 p.
182 2618 229 2686 74.
260 2603 342 2668 Bion
365 2601 595 2688 Borysthenita,
615 2601 706 2687 cujus
719 2602 815 2665 vitam
834 2602 974 2689 prodidit
987 2603 1152 2689 Diogenes

135 2696 238 2766 hert.
250 2703 310 2767 tv.
327 2703 381 2783 46.
402 2701 515 2786 etseq.
539 2700 741 2764 nobilissimus
763 2702 846 2765 inter
869 2700 1075 2787 Philosophos
1088 2705 1151 2767 So·

135 2799 235 2883 philis
252 2814 286 2865 et
301 2801 381 2868 inter
394 2803 554 2889 Sophistas
569 2802 789 2888 Philosophus,
808 2803 901 2887 plane
920 2802 1023 2866 faetus
1042 2803 1084 2866 od
1097 2825 1152 2867 va·

135 2918 193 2967 nas
217 2903 377 2991 opiniones
404 2906 571 2993 pravasque
600 2904 791 2991 cupiditates
821 2904 961 2968 mordaci
985 2902 1155 2970 dicacitate

135 3005 359 3072 oonsirtsudnc:
390 3029 456 3093 quo
484 3028 523 3071 ex
551 3029 667 3092 genere
694 3005 797 3070 mults
823 3003 892 3092 ejus
918 3003 1156 3091 acutillimsque

135 3108 248 3174 erscnt
272 3109 415 3189 diderit,
445 3132 510 3174 non
537 3109 637 3175 solum
665 3107 751 3195 apud
773 3109 955 3194 Diogenem
979 3107 1154 3188 Laenium,

137 3222 204 3291 que
223 3210 371 3275 Erasmus
391 3210 719 3296 Apophthegmstum
740 3209 837 3275 Libro
851 3210 928 3273 Vll.
948 3209 1078 3273 retulit:
1102 3209 1156 3274 sed

139 3321 175 3372 et
184 3309 262 3396 apud
274 3310 355 3376 alios
368 3311 549 3396 Antiquos:
574 3310 670 3396 digna
683 3312 767 3389 sane,
781 3332 854 3396 quae
868 3332 943 3374 cum
956 3311 1032 3375 Vna
1046 3311 1102 3375 viri
1114 3309 1156 3375 ad

141 3406 273 3477 criseam
288 3409 489 3497 diligentiam
509 3410 654 3489 traciam,
675 3410 716 3474 ad
735 3410 936 3498 elegantioris
957 3411 1163 3497 antiquitatis,

143 3520 228 3596 ‘tque
239 3512 373 3579 omnino
388 3511 549 3597 sapientise
564 3511 768 3577 studiosorum
782 3511 1000 3598 cognitionem
1013 3512 1155 3576 celebra-

146 3622 252 3678 natur.
296 3615 346 3677 Ex
372 3612 599 3678 recentioribus
623 3613 656 3676 in
679 3613 789 3698 primis
811 3613 898 3677 hunc
918 3613 1027 3677 locum
1048 3612 1157 3698 attigit

147 3700 180 3771 Ρ.
196 3710 322 3800 Baylius
348 3712 527 3778 Didionnr.
552 3713 635 3779 Hist.
663 3728 696 3778 et
725 3713 836 3778 Critic.
864 3735 933 3777 voc.
959 3713 1058 3776 Bion:
1090 3713 1158 3799 post

149 3826 209 3880 tum
221 3816 356 3882 breviter
373 3816 548 3904 perstrinxit
560 3817 591 3882 J.
605 3816 647 3880 A.
659 3816 819 3882 Fabricius
839 3813 992 3906 Biblioth.
1008 3815 1065 3877 Gr.
1081 3813 1156 3880 Vol.

153 3906 190 3977 11.
200 3935 230 4002 p.
238 3932 294 4003 54.

189 4032 231 4083 tt.
243 4019 282 4083 B.
308 4023 357 4095 τῆς
372 4018 586 4106 κανθαρίδος-]
611 4019 687 4084 Non
704 4027 783 4095 erat,
798 4012 886 4102 quod
906 4015 1049 4082 Krebfius
1070 4018 1159 4086 huno
1271 4014 1274 4019 ’

156 4104 242 4183 locum
261 4120 445 4199 obscurum,
468 4132 524 4183 aut
545 4119 731 4204 interpretes
758 4117 957 4205 negligentes
977 4117 1158 4206 judicarets

159 4214 334 4306 quiquidem
349 4220 490 4307 plerique
505 4221 734 4298 inlustrioris
748 4220 857 4302 δύναμιν
876 4222 998 4287 Graecae
1011 4220 1160 4285 dictionis

160 4307 321 4389 innurem
335 4323 435 4391 secuti
459 4323 548 4385 sunt:
572 4335 722 4407 poterant
741 4320 885 4386 disertius
908 4321 1038 4386 reddere
1060 4319 1160 4408 diffel-

164 4434 213 4482 We
223 4422 305 4510 ipssus
318 4425 394 4504 vim,
409 4437 447 4488 ut
460 4423 536 4488 fecit
549 4424 728 4511 Amyotusr
751 4423 857 4488 minus
870 4423 965 4486 ctiam
980 4435 1058 4500 erat,
1074 4422 1162 4506 quod

166 4507 229 4585 ilem
242 4524 292 4591 ille
314 4525 459 4591 Krebfius
472 4525 539 4610 posi
555 4525 664 4606 lvsoipo
677 4523 821 4591 excidisse
842 4524 1049 4609 suspicaretur
1069 4527 1160 4591 θανά-

168 4634 235 4691 'hm
275 4627 359 4691 Nam
385 4622 650 4710 primoquidem,
677 4624 791 4690 Graeca
814 4622 896 4687 ratio
918 4621 1094 4707 postulabat
1114 4631 1162 4705 τὴν
