2684 5258
255 738 840 806 DESENT.1>ROFECTU1NVIRT.
858 751 943 822 pao.
949 743 984 804 0.
1074 749 1132 803 aaa

125 904 217 988 sa‘prrrr
227 931 238 986 3
261 909 309 973 acl
327 906 523 992 εὸςέγγὰτατιι
539 914 587 970 τοῦ
601 905 680 989 duola
696 906 777 981 ἲόντες
798 906 858 970 εἰντὶ
880 904 996 988 ίμίεντοιν
1017 902 1136 989 σφαίρας
1199 925 1202 932 ’

125 1034 138 1071 ν
159 1006 364 1094 aregisilum,
386 1005 454 1082 ὅτιος
469 1010 496 1087 αξ
512 1006 627 1092 οτληγοιὶ
640 1032 671 1070 τε
687 1002 773 1086 nalal
790 1009 834 1070 διὰ
847 1015 900 1070 τῶν
915 1013 1037 1089 πληγῶν
1051 1004 1138 1069 elari-

125 1134 174 1180 ιιοις
188 1110 379 1190 διεμελετῶντο
394 1112 429 1183 εἰς
442 1109 474 1171 τὸ
487 1110 597 1171 lauru
610 1112 725 1185 ἔκονῶςς
748 1105 831 1171 idem
851 1105 1018 1192 negotium
1040 1104 1138 1189 paulo

125 1209 173 1272 ost
187 1207 306 1272 dicitur
318 1212 532 1294 σφαιρομαχεῖν,
547 1205 665 1292 dequo
680 1205 792 1270 Pollux
808 1207 870 1270 lll.
888 1222 960 1289 150.
980 1204 1036 1269 ubi
1052 1207 1136 1269 Jun-

125 1331 300 1389 ‚ermannus
316 1307 453 1373 Platonis
468 1307 577 1371 locum
591 1305 706 1371 adfert.
741 1304 941 1371 Restitucnda
955 1303 1052 1369 dictio
1067 1307 1136 1369 Lu·

125 1409 201 1473 iano
216 1410 367 1496 Gymnas.
381 1411 418 1474 T.
432 1411 476 1472 ll.
492 1430 525 1495 p.
540 1408 615 1494 918.
629 1406 807 1490 -μίμνηοο,
828 1406 858 1484 ἦν
875 1426 941 1468 ποτε
961 1406 1008 1467 nal
1027 1409 1053 1478 ἐς
1071 1410 1136 1467 Λα·

125 1508 254 1591 εδαῖμονιι
267 1507 359 1596 ἔλθῃς,
372 1512 410 1590 μὴ
426 1508 625 1593 καταγελάσας
637 1508 703 1589 μηδὲ
717 1506 832 1584 ἐκείνων,
852 1506 920 1586 pall
935 1504 1029 1583 οἶεθοις
1046 1506 1138 1587 μάτην

125 1613 201 1673 πονεῖν
219 1611 327 1688 αὐτοὺς,
348 1611 446 1673 ὁπόταν
460 1609 475 1687 l
491 1609 609 1694 σφαίρας
626 1610 694 1695 talpa
713 1614 740 1671 ἐν
758 1615 798 1692 τῷ
818 1608 928 1694 θεάτρῳ
941 1611 1137 1689 συμπεσόντες,

125 1709 232 1773 ιειῖιοσιν
251 1711 409 1786 ιἰλλῆλοοςε
433 1707 607 1794 legendum
629 1706 748 1794 σφαίρας
769 1707 946 1791 περιὸοὖμενοι
965 1711 992 1769 ἓν
1004 1713 1044 1791 τῷ
1056 1713 1088 1770 θ.
1103 1734 1136 1772 ο.

125 1838 145 1874 ε.
160 1815 193 1873 εἰ.
229 1807 382 1875 Eamdem
404 1810 552 1896 palaellrae
575 1823 698 1894 partem
721 1807 891 1894 fignificare
904 1806 1029 1872 videtur
1046 1808 1137 1874 Philo

125 1911 185 1976 ud.
205 1911 259 1976 De
272 1911 411 1976 Somniia
424 1932 457 1995 p.
467 1911 541 1993 585.
557 1910 599 1973 B:
621 1912 771 1995 χειροδοτεῑ
783 1909 878 1994 τρόπον
890 1909 1011 1987 duritia,
1026 1910 1048 1994 ’l
1063 1912 1137 1997 velt
1260 1984 1262 1989 ,

125 2012 305 2097 ὰγομνίιοια
319 2016 415 2075 καλεῖς
440 2011 495 2075 ubi
510 2010 583 2074 loco
597 2008 759 2096 singularis
775 2009 860 2072 illius
875 2008 960 2073 verbi
974 2008 1060 2072 aliud
1075 2008 1136 2072 fin·

125 2113 222 2200 prlarc
243 2112 296 2177 sed
317 2111 479 2175 sententiae
501 2131 682 2196 congruens
704 2109 877 2195 legendum
898 2109 1022 2173 videtur
1040 2134 1136 2197 χειρο·

125 2222 187 2296 ετεῖ,
212 2238 318 2279 manus
338 2214 429 2300 ligat,
453 2213 571 2277 scilicet
594 2212 676 2300 pilis.
730 2211 764 2274 Si
788 2211 820 2274 in
847 2211 978 2275 Senecae
1001 2211 1137 2297 Epistola

125 2317 246 2382 XXX.
262 2315 352 2378 initio
366 2336 436 2379 vera
449 2315 490 2377 etl
506 2312 620 2377 reato:
647 2311 794 2376 Hodierno
810 2313 858 2374 die
873 2335 931 2376 non
948 2323 1137 2383 tantummeo

125 2417 180 2481 ribi
203 2415 336 2502 beneficio
356 2438 443 2494 vaco,
455 2415 516 2498 secl
530 2413 705 2500 spectaculi,
730 2415 808 2499 quod
828 2437 921 2478 omncs
945 2410 1069 2497 molssos
1096 2414 1140 2477 ad

125 2517 362 2583 lbaeromacbiam
375 2515 535 2607 avocpoit:
549 2516 599 2579 vix
614 2513 748 2580 dubium
763 2516 799 2579 fit
811 2516 886 2601 quin
903 2517 964 2581 hoc
979 2515 1137 2601 ludicrum
1149 2579 1153 2585 .

125 2618 311 2706 {gnificetun
349 2618 430 2680 Haec
444 2618 552 2702 σφαῖρα
569 2616 649 2700 saepe
671 2637 728 2701 pro
742 2615 862 2700 vulgari
880 2615 959 2702 pila,
976 2638 1039 2700 qua
1053 2613 1137 2702 jaci·

127 2716 190 2782 uda
204 2716 289 2780 lusus
306 2717 351 2795 fit,
367 2728 508 2801 accepta,
524 2714 622 2779 etiam
637 2715 678 2778 ab
693 2714 743 2793 iia,
758 2715 813 2800 qui
832 2737 903 2778 eam
925 2715 1008 2779 reete
1029 2714 1070 2779 ad
1085 2715 1136 2779 lu-

125 2817 193 2881 tam
208 2813 373 2892 referrent,
386 2829 493 2878 tamen
511 2814 544 2877 in
568 2836 607 2878 eo
626 2834 792 2899 perperam
806 2814 967 2880 intellecta
981 2815 1035 2894 est,
1051 2814 1138 2902 quod

125 2941 176 2982 am
195 2916 337 2981 facerent
355 2915 454 3001 pilam
476 2914 659 3000 plumbeam
682 2913 751 2977 loro
772 2914 894 2978 bubulo
911 2914 1059 2995 insuram,
1074 2938 1139 3002 qua

126 3031 249 3081 rmatus
264 3015 355 3102 pugil
369 3029 521 3080 certaret:
540 3013 637 3078 veluti
650 3013 806 3101 principes
821 3015 1139 3102 lexicographorum

125 3116 291 3203 tephanus
313 3115 406 3181 mes.
431 3118 470 3179 L.
491 3116 549 3183 Gr.
571 3116 610 3179 T.
629 3115 690 3179 111.
713 3136 745 3200 p.
771 3118 863 3178 1161.
886 3130 920 3180 et
941 3116 1137 3182 Facciolatua

125 3241 184 3284 oce
204 3217 452 3303 Spbaeromcchia.
490 3217 734 3300 Praetcrrpaipuv
748 3216 835 3282 aliud
854 3217 916 3282 fuit
935 3220 1082 3306 pugilum
1096 3220 1138 3288 ad

125 3321 208 3385 filum
227 3318 379 3383 leniorem
401 3318 644 3382 instrumentum
665 3325 679 3397 ἡ
702 3317 830 3404 μελίχη,
854 3319 1043 3407 antiquitus,
1062 3335 1139 3388 ante

126 3423 255 3502 aestum,
265 3422 433 3486 usitatum:
465 3433 554 3485 utex
576 3420 726 3485 Pausania
738 3422 833 3485 V111.
846 3442 901 3502 40.
924 3445 956 3508 p.
972 3425 1046 3490 682.
1067 3424 1137 3490 col·

125 3526 229 3613 gitur.
274 3522 432 3609 Quaedam
456 3521 496 3586 de
521 3521 583 3586 hoc
607 3535 799 3608 argumento
825 3522 955 3586 tradidit
981 3527 1015 3589 P.
1038 3527 1138 3591 Faber

125 3619 293 3709 tgonistico
308 3621 335 3684 1.
351 3622 382 3683 6.
406 3641 439 3705 p.
454 3639 509 3705 33.
525 3636 558 3684 et
572 3641 606 3705 9.
627 3640 660 3705 p.
674 3622 728 3704 56.
766 3614 973 3705 Comparatio
995 3623 1136 3710 disputa·

125 3725 202 3789 ionia
216 3745 290 3787 curn
308 3721 456 3809 pugilatu
469 3721 543 3785 alibi
558 3741 685 3806 quoque
699 3720 858 3785 occurrit:
882 3721 980 3785 veluti
1001 3722 1034 3787 in
1050 3723 1137 3788 dicto
1229 3758 1245 3790 0

125 3821 287 3888 >emocriti
301 3822 386 3908 apud
403 3820 607 3885 Plutarchum
624 3822 736 3907 Symp.
752 3821 780 3884 1.
796 3841 829 3906 p.
843 3823 917 3902 614.
933 3824 971 3886 E.
986 3822 1137 3909 ἐριδαντέων

125 3968 128 4008 ,
144 3923 355 4008 ἱμαντελικτέων
368 3922 479 4006 λόγους,
498 3921 586 4007 quod
604 3919 668 3986 illic
685 3918 934 4006 explicabimus:
958 3936 992 3986 et
1003 3922 1073 3988 aliis
1087 3923 1137 3989 lo·

127 4028 165 4106 is,
182 4048 262 4112 quos
278 4024 456 4088 notavimus
469 4021 510 4085 ad
523 4024 592 4088 Ser.
606 4021 708 4086 Num.
723 4021 823 4087 Vind.
838 4043 872 4107 p.
881 4024 958 4108 548.
972 4024 1011 4090 B.
1027 4024 1139 4112 prioris

126 4125 256 4192 ditionis
278 4147 311 4212 p.
323 4139 356 4208 5.
937 4172 944 4190 .

151 4226 204 4289 80.
216 4224 257 4289 C.
277 4221 358 4308 Ἐγὼ
372 4224 434 4305 μὶν,
455 4221 536 4300 εἶπεν,
558 4228 571 4284 ὁ
592 4220 732 4307 ἱλεγχθεῖς
753 4220 846 4304 ἄπειμι
868 4224 963 4307 σεο-]
990 4222 1137 4288 Correxl·

125 4349 181 4390 uus
196 4325 356 4411 vulgatam
368 4324 455 4388 illam
468 4322 758 4409 interpunctionem
771 4322 852 4407 Ἐγὼ
864 4324 914 4406 μὶν
932 4323 1038 4415 (dravi
1052 4329 1138 4411 ἐλεγ-

125 4425 201 4511 ςθέις)
224 4423 318 4507 ἄπειμι
332 4449 436 4489 οοο-.
473 4422 584 4487 Simile
599 4423 690 4486 suum
705 4422 866 4509 quoddam
882 4424 1048 4510 negotium
1065 4447 1139 4490 nar·
1257 4414 1263 4426 ⁶

125 4545 171 4606 at,
190 4525 243 4592 sed
263 4527 325 4592 fine
344 4525 504 4603 acumine,
528 4525 680 4618 Isocrates
704 4524 877 4625 Panathen.
900 4548 932 4611 p.
947 4526 1034 4605 482:
1057 4529 1140 4611 ὁμὲν

125 4633 166 4715 ιὰρ
181 4627 260 4715 ἀρῇ.
270 4627 464 4716 φρονιμώτερος
481 4625 700 4714 γεγενημένοςιξ
718 4623 917 4708 οονεςοιλμὲνην
931 4625 1004 4712 ἔχων
1016 4631 1067 4710 τὴν
1077 4629 1138 4694 διά·

1213 4737 1323 4954 ..ι1
