2684 5258
156 347 200 402 ⁴8
244 339 452 399 ANIMADV.
465 337 514 399 IN
526 338 601 398 LIB.
613 338 668 401 DE
680 336 856 399 EDUCAT.
869 335 1110 399 PUERORUM.

144 501 272 566 mrum
283 514 316 567 et
329 503 370 568 eb
382 501 427 566 rei
441 513 554 566 natura
567 509 600 565 et
613 499 749 565 historie
764 499 825 566 fide
838 500 995 582 alienum3
1009 492 1161 567 *ferendo

157 601 282 669 fortasse
296 603 330 668 in
343 625 394 682 eo,
404 602 464 689 'qui
478 624 553 667 cum
568 601 673 689 pueris
686 601 766 688 agit,
784 601 965 689 poedagogo
980 615 1014 667 et
1028 603 1161 690 mogiIbt

127 743 129 747 ·
158 719 196 770 ut
214 727 269 770 eos
284 704 364 770 falfis
378 703 581 790 opinionibus
599 703 640 769 ad
662 704 747 769 reete
768 703 930 790 agendum
945 703 1057 783 ducat,
1072 704 1161 791 basqt

156 805 308 871 adhibent
320 809 355 880 ὥς
369 810 397 870 ἓν
408 806 543 893 φὰςμάκυ
557 805 655 892 μοίρᾳε
679 804 757 870 item
772 805 805 870 in
820 804 999 871 oratoribus
1013 806 1072 893 qui
1085 826 1161 895 popt

156 905 257 971 ierem
271 904 384 971 dicunt
398 904 606 986 concionem3
629 928 693 971 non
708 906 742 970 in
757 905 1031 993 philosopbo‚·qui
1048 907 1080 973 se
1093 928 1161 994 argo

157 1017 306 1070 mentum
330 1005 379 1070 via
405 1019 442 1070 et
466 1005 589 1071 ratione
615 1005 841 1092 expliciturum
864 1007 1064 1093 profiteatur.
1108 1007 1161 1094 Cep

156 1107 268 1173 XVII.
292 1128 325 1193 p.
340 1127 390 1176 12.
414 1108 467 1172 D:
496 1108 590 1171 Pueri
611 1134 630 1172 n
652 1107 797 1172 malentem
821 1109 1025 1194 consuetudine
1046 1109 1161 1175 bonon

147 1210 224 1297 fient
243 1209 427 1298 prohibendi.
465 1208 532 1275 Hoc
544 1222 573 1272 et
587 1211 778 1296 Pythagoreas
788 1210 929 1296 praecepit
940 1226 997 1299 per
1010 1211 1161 1298 aenignrote

156 1333 229 1398 qua
246 1333 298 1397 ego
317 1323 461 1398 opponam
480 1322 509 1374 et
528 1309 699 1400 explicabo:
721 1310 772 1374 his
786 1309 890 1391 dietis,
905 1308 1059 1399 deinceps
1076 1332 1161 1378 notet

157 1409 324 1497 subjungit
336 1408 479 1496 symbola
502 1409 724 1497 Pythagorica,
740 1432 878 1496 quorum
895 1432 960 1478 uon
981 1411 1038 1476 uifi
1052 1410 1161 1498 primm

157 1523 193 1576 et
214 1525 364 1598 quartum
388 1509 429 1574 ad
451 1531 519 1576 nem
546 1511 733 1596 presentem
759 1510 910 1597 pertinet,
939 1511 1063 1599 reliqua
1084 1510 1161 1577 otuu

157 1613 262 1679 aliena
280 1614 378 1679 sunt..
408 1613 490 1699 Cap.
506 1614 599 1677 XIX.
619 1635 652 1700 p.
671 1616 762 1698 13.·F
772 1639 780 1677 ι
804 1611 1006 1699 Adulescentes
1025 1613 1161 1702 veluptat

159 1714 215 1779 bus
242 1713 335 1777 dediti
360 1724 389 1779 et
415 1712 678 1800 reprebeefionibus
708 1712 804 1776 minus
832 1714 1061 1802 obtemperantes
1084 1725 1161 1779 matr

125 1883 126 1887 ,
157 1816 253 1884 nennio
275 1813 540 1902 constringantur:¹
555 1815 634 1900 quod
652 1813 691 1899 est
709 1811 879 1901 tutiffimum
889 1815 1066 1902 juventutis
1080 1816 1161 1881 vien

159 1916 234 1980 Iun.
277 1915 352 1978 Hoc
366 1912 411 1976 ita
424 1911 603 1998 {impliciter
616 1928 814 2000 praeceptum
829 1914 932 2000 magis
951 1927 1078 2002 patrem
1091 1938 1112 1982 e
1125 1915 1161 1983 C<

159 2014 290 2094 moedia,
311 2034 409 2099 quam
433 2012 652 2094 Plutarchum,
670 2027 706 2078 et
722 2016 854 2080 omnino
872 2015 1039 2083 hominem
1051 2017 1161 2106 cogite

158 2114 202 2182 de
218 2113 283 2181 hoc
302 2125 495 2200 argumento
517 2113 756 2198 praecipientem
775 2115 906 2181 deceat:
930 2119 1161 2205 propter-mult

159 2241 239 2307 quas
252 2217 324 2283 haec
340 2239 389 2283 res
402 2215 501 2282 habet
518 2215 695 2280 cautiones.
739 2218 864 2283 Harum
878 2218 933 2282 iste
946 2219 1086 2300 uuioam,
1102 2243 1161 2285 ean

159 2343 225 2409 que
245 2317 370 2385 fortasse
391 2316 516 2383 minimi
538 2317 708 2396 momenti,
729 2317 872 2385 addidit:
899 2343 974 2384 neor
988 2320 1161 2410 ,It-ejusne

157 2448 230 2512 qua
249 2422 391 2486 maritum
411 2419 529 2484 divitiis
549 2432 577 2482 et
597 2418 753 2484 nobilitate
770 2421 890 2508 generis
911 2446 969 2491 non
990 2422 1118 2493 nubum
1133 2426 1161 2510 ſs

155 2536 260 2614 perct3
282 2523 388 2612 quippe
408 2522 459 2610 qui
481 2519 556 2585 tales
577 2523 689 2586 ducunt
709 2545 826 2602 uxores,
841 2522 1030 2603 nonmart'ti,
1040 2525 1104 2612 sed
1122 2528 1161 2591 do

151 2629 251 2715 serui,
261 2626 361 2712 flunt.
390 2627 477 2710 Ergo
492 2623 580 2688 nulla
593 2623 717 2688 mentio
730 2624 766 2687 fit
779 2621 889 2704 animi,
904 2623 1039 2712 ingenii,
1049 2647 1161 2705 ‚moror

160 2734 316 2798 uirtutum
335 2729 551 2807 muliebrium,
566 2727 683 2814 quibus
692 2728 839 2794 'futuram
854 2731 1130 2799 matremfamilias
1144 2732 1161 2798 'u

155 2839 309 2906 dentiam
331 2838 390 2902 effe
410 2847 557 2925 oportet:
584 2856 719 2922 quarum
731 2835 796 2899 nifi
815 2836 896 2903 ratio
916 2837 1084 2919 habeatur,
1105 2853 1162 2926 pet

162 2939 262 3005 filium
286 2935 492 3002 matrimonio
514 2957 579 3003 nou
600 2933 751 3023 corrigat,
774 2935 828 3003 sed
847 2948 981 3025 nepotes
1000 2939 1161 3026 quaeratii

161 3039 236 3107 dem
251 3039 333 3106 vitiis
346 3036 513 3107 obnoxios.
702 3048 705 3053 '

540 3247 809 3375 erpnrri
870 3276 882 3284 “

584 3481 635 3545 De
649 3478 769 3546 Forma.

205 3652 321 3715 Forma
341 3651 459 3737 duplex
479 3651 545 3717 est':
567 3649 666 3717 altera
687 3674 806 3731 rerum,
829 3650 870 3716 de
891 3673 956 3738 quo
976 3673 1064 3720 nunc
1082 3651 1161 3720 dioet

162 3748 264 3816 dum:
286 3749 385 3841 ultera
397 3751 561 3830 emtionis,
576 3752 618 3817 de
632 3775 696 3839 quo
709 3753 815 3839 postes
828 3751 985 3818 dicemus.

165 3904 169 3910 .
205 3853 324 3917 Rerum
346 3850 459 3929 forma,
482 3863 520 3915 ut
541 3852 633 3937 supra
651 3852 850 3931 monuimus,
871 3853 1059 3922 continetur
1070 3854 1161 3925 dtub

162 3950 317 4040 pertibus,
331 3949 532 4040 distributione
543 3952 678 4017 materia
691 3963 725 4047 et
737 3956 1002 4040 argumentatione.
