<?xml version="1.0" encoding="UTF-8"?>
<!DOCTYPE html PUBLIC "-//W3C//DTD XHTML 1.0 Transitional//EN"
    "http://www.w3.org/TR/xhtml1/DTD/xhtml1-transitional.dtd">
<html xmlns="http://www.w3.org/1999/xhtml" xml:lang="en" lang="en">
 <head>
  <title>
</title>
<meta http-equiv="Content-Type" content="text/html;charset=utf-8" />
  <meta name='ocr-system' content='tesseract 3.04.00' />
  <meta name='ocr-capabilities' content='ocr_page ocr_carea ocr_par ocr_line ocrx_word'/>
</head>
<body>
  <div class='ocr_page' id='page_1' title='image "./plutarchichaero19plutgoog_0484.png"; bbox 0 0 2684 5258; ppageno 0'>
   <div class='ocr_carea' id='block_1_1' title="bbox 99 331 1195 584">
    <p class='ocr_par' dir='ltr' id='par_1_1' title="bbox 99 331 1195 584">
     <span class='ocr_line' id='line_1_1' title="bbox 155 331 1071 396; baseline -0.002 -2"><span class='ocrx_word' id='word_1_1' title='bbox 155 343 214 396; x_wconf 69' lang='lat'><em>458</em></span> <span class='ocrx_word' id='word_1_2' title='bbox 294 336 334 396; x_wconf 86' lang='lat' dir='ltr'><em>D.</em></span> <span class='ocrx_word' id='word_1_3' title='bbox 348 337 400 394; x_wconf 85' lang='lat' dir='ltr'><em>W.</em></span> <span class='ocrx_word' id='word_1_4' title='bbox 420 334 628 396; x_wconf 79' lang='lat' dir='ltr'>ANIMADV.</span> <span class='ocrx_word' id='word_1_5' title='bbox 648 335 697 393; x_wconf 84' lang='lat' dir='ltr'><em>IN</em></span> <span class='ocrx_word' id='word_1_6' title='bbox 717 331 955 393; x_wconf 77' lang='lat' dir='ltr'>PLUTARCHI</span> <span class='ocrx_word' id='word_1_7' title='bbox 974 332 1071 392; x_wconf 54' lang='lat' dir='ltr'><em>1013st</em></span> 
     </span>
     <span class='ocr_line' id='line_1_2' title="bbox 99 487 1195 584; baseline -0.004 -25"><span class='ocrx_word' id='word_1_8' title='bbox 99 553 103 559; x_wconf 86' lang='lat'>.</span> <span class='ocrx_word' id='word_1_9' title='bbox 156 498 267 578; x_wconf 79' lang='lat' dir='ltr'><em>nobis3</em></span> <span class='ocrx_word' id='word_1_10' title='bbox 290 498 440 584; x_wconf 74' lang='lat' dir='ltr'><em>siquidem</em></span> <span class='ocrx_word' id='word_1_11' title='bbox 454 497 540 562; x_wconf 82' lang='lat' dir='ltr'><em>Galli</em></span> <span class='ocrx_word' id='word_1_12' title='bbox 553 518 687 583; x_wconf 88' lang='lat' dir='ltr'><em>corpora</em></span> <span class='ocrx_word' id='word_1_13' title='bbox 698 495 753 582; x_wconf 85' lang='lat' dir='ltr'><em>ipss</em></span> <span class='ocrx_word' id='word_1_14' title='bbox 769 495 826 560; x_wconf 85' lang='lat' dir='ltr'><em>sua</em></span> <span class='ocrx_word' id='word_1_15' title='bbox 838 494 1028 582; x_wconf 82' lang='lat' dir='ltr'><em>quibusdam</em></span> <span class='ocrx_word' id='word_1_16' title='bbox 1040 487 1157 557; x_wconf 81' lang='lat' dir='ltr'><em>notisrd</em></span> <span class='ocrx_word' id='word_1_17' title='bbox 1191 538 1195 578; x_wconf 56' lang='lat'><em>4</em></span> 
     </span>
    </p>
   </div>
   <div class='ocr_carea' id='block_1_2' title="bbox 152 591 1195 3407">
    <p class='ocr_par' dir='ltr' id='par_1_2' title="bbox 152 591 1195 3407">
     <span class='ocr_line' id='line_1_3' title="bbox 157 591 1195 682; baseline -0.008 -20"><span class='ocrx_word' id='word_1_18' title='bbox 157 601 272 662; x_wconf 81' lang='lat' dir='ltr'><em>ssorum</em></span> <span class='ocrx_word' id='word_1_19' title='bbox 293 598 340 662; x_wconf 83' lang='lat' dir='ltr'><em>rel</em></span> <span class='ocrx_word' id='word_1_20' title='bbox 355 599 488 661; x_wconf 85' lang='lat' dir='ltr'><em>aliarum</em></span> <span class='ocrx_word' id='word_1_21' title='bbox 503 621 609 661; x_wconf 89' lang='lat' dir='ltr'><em>rerum</em></span> <span class='ocrx_word' id='word_1_22' title='bbox 625 596 842 682; x_wconf 81' lang='lat' dir='ltr'><em>compunxisse</em></span> <span class='ocrx_word' id='word_1_23' title='bbox 856 596 1016 660; x_wconf 87' lang='lat' dir='ltr'><em>videntur.</em></span> <span class='ocrx_word' id='word_1_24' title='bbox 1052 591 1153 657; x_wconf 78' lang='lat' dir='ltr'><em>culon</em></span> <span class='ocrx_word' id='word_1_25' title='bbox 1187 642 1195 655; x_wconf 86' lang='lat'><em>.</em></span> 
     </span>
     <span class='ocr_line' id='line_1_4' title="bbox 155 696 1152 833; baseline -0.008 -68"><span class='ocrx_word' id='word_1_26' title='bbox 155 699 325 765; x_wconf 84' lang='lat' dir='ltr'><em>Lucretius</em></span> <span class='ocrx_word' id='word_1_27' title='bbox 347 698 461 762; x_wconf 85' lang='lat' dir='ltr'>diserte</span> <span class='ocrx_word' id='word_1_28' title='bbox 484 696 643 782; x_wconf 77' lang='lat' dir='ltr'><em>descripsit</em></span> <span class='ocrx_word' id='word_1_29' title='bbox 666 698 710 761; x_wconf 88' lang='lat' dir='ltr'><em>ll.</em></span> <span class='ocrx_word' id='word_1_30' title='bbox 726 697 920 833; x_wconf 78' lang='grc'><em>598-643·</em></span> <span class='ocrx_word' id='word_1_31' title='bbox 945 718 986 759; x_wconf 86' lang='lat' dir='ltr'><em>ex</em></span> <span class='ocrx_word' id='word_1_32' title='bbox 1006 716 1067 781; x_wconf 89' lang='lat' dir='ltr'><em>quo</em></span> <span class='ocrx_word' id='word_1_33' title='bbox 1081 709 1152 807; x_wconf 59' lang='lat' dir='ltr'><em>putu</em></span> 
     </span>
     <span class='ocr_line' id='line_1_5' title="bbox 157 799 441 885; baseline -0.015 -22"><span class='ocrx_word' id='word_1_34' title='bbox 157 799 441 885; x_wconf 76' lang='lat' dir='ltr'><em>ponamus-618:</em></span> 
     </span>
     <span class='ocr_line' id='line_1_6' title="bbox 243 896 1053 983; baseline 0.002 -25"><span class='ocrx_word' id='word_1_35' title='bbox 243 899 395 983; x_wconf 57' lang='lat' dir='ltr'><em>Drepana</em></span> <span class='ocrx_word' id='word_1_36' title='bbox 408 908 490 958; x_wconf 83' lang='lat' dir='ltr'><em>tenta</em></span> <span class='ocrx_word' id='word_1_37' title='bbox 505 909 610 960; x_wconf 85' lang='lat' dir='ltr'><em>tonant</em></span> <span class='ocrx_word' id='word_1_38' title='bbox 623 896 747 983; x_wconf 83' lang='lat' dir='ltr'><em>palmis,</em></span> <span class='ocrx_word' id='word_1_39' title='bbox 762 909 791 959; x_wconf 87' lang='lat' dir='ltr'><em>et</em></span> <span class='ocrx_word' id='word_1_40' title='bbox 804 896 1053 983; x_wconf 64' lang='lat' dir='ltr'><em>cymbalorum</em></span> 
     </span>
     <span class='ocr_line' id='line_1_7' title="bbox 153 997 1145 1081; baseline -0.002 -22"><span class='ocrx_word' id='word_1_41' title='bbox 153 1040 154 1044; x_wconf 55' lang='lat'><em>=</em></span> <span class='ocrx_word' id='word_1_42' title='bbox 242 998 392 1075; x_wconf 83' lang='lat' dir='ltr'><em>Concava,</em></span> <span class='ocrx_word' id='word_1_43' title='bbox 409 997 616 1081; x_wconf 81' lang='lat' dir='ltr'><em>raucisonoque</em></span> <span class='ocrx_word' id='word_1_44' title='bbox 630 997 785 1062; x_wconf 87' lang='lat' dir='ltr'><em>minantur</em></span> <span class='ocrx_word' id='word_1_45' title='bbox 797 1021 908 1061; x_wconf 87' lang='lat' dir='ltr'><em>cornua</em></span> <span class='ocrx_word' id='word_1_46' title='bbox 922 1009 1021 1074; x_wconf 78' lang='lat' dir='ltr'><em>caestu,</em></span> <span class='ocrx_word' id='word_1_47' title='bbox 1137 1020 1145 1031; x_wconf 91' lang='lat'><strong>·</strong></span> 
     </span>
     <span class='ocr_line' id='line_1_8' title="bbox 239 1095 1034 1182; baseline -0.005 -20"><span class='ocrx_word' id='word_1_48' title='bbox 239 1099 286 1162; x_wconf 84' lang='lat' dir='ltr'><em>Et</em></span> <span class='ocrx_word' id='word_1_49' title='bbox 302 1097 433 1182; x_wconf 82' lang='lat' dir='ltr'><em>Phrygio</em></span> <span class='ocrx_word' id='word_1_50' title='bbox 444 1095 584 1181; x_wconf 79' lang='lat' dir='ltr'><em>stimulat</em></span> <span class='ocrx_word' id='word_1_51' title='bbox 597 1099 716 1160; x_wconf 82' lang='lat' dir='ltr'><em>numero</em></span> <span class='ocrx_word' id='word_1_52' title='bbox 731 1122 811 1161; x_wconf 84' lang='lat' dir='ltr'><em>cava</em></span> <span class='ocrx_word' id='word_1_53' title='bbox 828 1099 906 1160; x_wconf 85' lang='lat' dir='ltr'><em>tibia</em></span> <span class='ocrx_word' id='word_1_54' title='bbox 919 1108 1034 1175; x_wconf 79' lang='lat' dir='ltr'><em>mentes,</em></span> 
     </span>
     <span class='ocr_line' id='line_1_9' title="bbox 152 1196 961 1284; baseline 0 -22"><span class='ocrx_word' id='word_1_55' title='bbox 152 1242 158 1250; x_wconf 91' lang='lat'><em>-</em></span> <span class='ocrx_word' id='word_1_56' title='bbox 241 1196 373 1283; x_wconf 77' lang='lat' dir='ltr'><em>Telaque</em></span> <span class='ocrx_word' id='word_1_57' title='bbox 384 1209 569 1284; x_wconf 76' lang='lat' dir='ltr'><em>praeportant</em></span> <span class='ocrx_word' id='word_1_58' title='bbox 583 1197 706 1261; x_wconf 83' lang='lat' dir='ltr'><em>violenti</em></span> <span class='ocrx_word' id='word_1_59' title='bbox 717 1198 814 1284; x_wconf 77' lang='lat' dir='ltr'><em>signa</em></span> <span class='ocrx_word' id='word_1_60' title='bbox 824 1199 961 1284; x_wconf 84' lang='lat' dir='ltr'><em>furoris,</em></span> 
     </span>
     <span class='ocr_line' id='line_1_10' title="bbox 242 1298 967 1386; baseline -0.003 -24"><span class='ocrx_word' id='word_1_61' title='bbox 242 1299 382 1383; x_wconf 81' lang='lat' dir='ltr'><em>Ingratos</em></span> <span class='ocrx_word' id='word_1_62' title='bbox 393 1298 517 1377; x_wconf 85' lang='lat' dir='ltr'><em>animos,</em></span> <span class='ocrx_word' id='word_1_63' title='bbox 534 1311 624 1386; x_wconf 87' lang='lat' dir='ltr'><em>atque</em></span> <span class='ocrx_word' id='word_1_64' title='bbox 637 1299 728 1384; x_wconf 81' lang='lat' dir='ltr'><em>impia</em></span> <span class='ocrx_word' id='word_1_65' title='bbox 741 1308 862 1385; x_wconf 80' lang='lat' dir='ltr'><em>pettora</em></span> <span class='ocrx_word' id='word_1_66' title='bbox 876 1299 967 1386; x_wconf 82' lang='lat' dir='ltr'><em>vulgi</em></span> 
     </span>
     <span class='ocr_line' id='line_1_11' title="bbox 245 1400 961 1488; baseline -0.003 -21"><span class='ocrx_word' id='word_1_67' title='bbox 245 1405 416 1467; x_wconf 75' lang='lat' dir='ltr'><em>Contcrrere</em></span> <span class='ocrx_word' id='word_1_68' title='bbox 429 1411 506 1465; x_wconf 87' lang='lat' dir='ltr'><em>metu</em></span> <span class='ocrx_word' id='word_1_69' title='bbox 520 1426 589 1488; x_wconf 79' lang='lat' dir='ltr'><em>quae</em></span> <span class='ocrx_word' id='word_1_70' title='bbox 601 1400 707 1488; x_wconf 80' lang='lat' dir='ltr'><em>pqffint</em></span> <span class='ocrx_word' id='word_1_71' title='bbox 720 1402 838 1465; x_wconf 86' lang='lat' dir='ltr'><em>numine</em></span> <span class='ocrx_word' id='word_1_72' title='bbox 851 1403 961 1465; x_wconf 73' lang='lat' dir='ltr'><em>Diva.</em></span> 
     </span>
     <span class='ocr_line' id='line_1_12' title="bbox 244 1502 1010 1592; baseline -0.008 -21"><span class='ocrx_word' id='word_1_73' title='bbox 244 1507 330 1592; x_wconf 84' lang='lat' dir='ltr'><em>Ergo</em></span> <span class='ocrx_word' id='word_1_74' title='bbox 343 1528 431 1590; x_wconf 89' lang='lat' dir='ltr'><em>quum</em></span> <span class='ocrx_word' id='word_1_75' title='bbox 441 1504 570 1590; x_wconf 76' lang='lat' dir='ltr'><em>primum</em></span> <span class='ocrx_word' id='word_1_76' title='bbox 583 1524 710 1587; x_wconf 85' lang='lat' dir='ltr'><em>magnus</em></span> <span class='ocrx_word' id='word_1_77' title='bbox 726 1503 846 1566; x_wconf 78' lang='lat' dir='ltr'><em>innetta</em></span> <span class='ocrx_word' id='word_1_78' title='bbox 855 1519 914 1591; x_wconf 87' lang='lat' dir='ltr'><em>per</em></span> <span class='ocrx_word' id='word_1_79' title='bbox 926 1502 1010 1567; x_wconf 82' lang='lat' dir='ltr'><em>urbes</em></span> 
     </span>
     <span class='ocr_line' id='line_1_13' title="bbox 243 1603 891 1691; baseline -0.008 -19"><span class='ocrx_word' id='word_1_80' title='bbox 243 1605 412 1691; x_wconf 84' lang='lat' dir='ltr'><em>Munificat</em></span> <span class='ocrx_word' id='word_1_81' title='bbox 426 1605 519 1668; x_wconf 87' lang='lat' dir='ltr'><em>tacita</em></span> <span class='ocrx_word' id='word_1_82' title='bbox 532 1603 667 1669; x_wconf 75' lang='lat' dir='ltr'><em>mortales</em></span> <span class='ocrx_word' id='word_1_83' title='bbox 681 1617 763 1667; x_wconf 90' lang='lat' dir='ltr'><em>muta</em></span> <span class='ocrx_word' id='word_1_84' title='bbox 774 1603 891 1689; x_wconf 86' lang='lat' dir='ltr'><em>salute,</em></span> 
     </span>
     <span class='ocr_line' id='line_1_14' title="bbox 243 1705 1014 1792; baseline -0.005 -19"><span class='ocrx_word' id='word_1_85' title='bbox 243 1710 324 1773; x_wconf 87' lang='lat' dir='ltr'><em>AEre</em></span> <span class='ocrx_word' id='word_1_86' title='bbox 337 1718 427 1792; x_wconf 84' lang='lat' dir='ltr'><em>atque</em></span> <span class='ocrx_word' id='word_1_87' title='bbox 441 1718 563 1791; x_wconf 87' lang='lat' dir='ltr'><em>argento</em></span> <span class='ocrx_word' id='word_1_88' title='bbox 573 1705 714 1788; x_wconf 87' lang='lat' dir='ltr'><em>sternunt</em></span> <span class='ocrx_word' id='word_1_89' title='bbox 728 1706 783 1769; x_wconf 88' lang='lat' dir='ltr'><em>iter</em></span> <span class='ocrx_word' id='word_1_90' title='bbox 797 1729 880 1768; x_wconf 89' lang='lat' dir='ltr'><em>omne</em></span> <span class='ocrx_word' id='word_1_91' title='bbox 894 1706 1014 1770; x_wconf 83' lang='lat' dir='ltr'><em>viarum</em></span> 
     </span>
     <span class='ocr_line' id='line_1_15' title="bbox 243 1805 997 1893; baseline -0.004 -20"><span class='ocrx_word' id='word_1_92' title='bbox 243 1806 402 1892; x_wconf 78' lang='lat' dir='ltr'><em>Lurgefiea</em></span> <span class='ocrx_word' id='word_1_93' title='bbox 413 1807 494 1892; x_wconf 77' lang='lat' dir='ltr'><em>stipe</em></span> <span class='ocrx_word' id='word_1_94' title='bbox 506 1807 645 1881; x_wconf 77' lang='lat' dir='ltr'><em>ditantes,</em></span> <span class='ocrx_word' id='word_1_95' title='bbox 662 1805 848 1892; x_wconf 78' lang='lat' dir='ltr'><em>ninguntque</em></span> <span class='ocrx_word' id='word_1_96' title='bbox 865 1808 997 1893; x_wconf 89' lang='lat' dir='ltr'><em>rosarum</em></span> 
     </span>
     <span class='ocr_line' id='line_1_16' title="bbox 244 1904 1092 1992; baseline -0.005 -22"><span class='ocrx_word' id='word_1_97' title='bbox 244 1907 393 1982; x_wconf 78' lang='lat' dir='ltr'><em>Pluribus,</em></span> <span class='ocrx_word' id='word_1_98' title='bbox 408 1905 576 1967; x_wconf 77' lang='lat' dir='ltr'><em>umbrantes</em></span> <span class='ocrx_word' id='word_1_99' title='bbox 591 1904 738 1982; x_wconf 86' lang='lat' dir='ltr'><em>Matrem,</em></span> <span class='ocrx_word' id='word_1_100' title='bbox 753 1905 945 1992; x_wconf 78' lang='lat' dir='ltr'><em>comitumque</em></span> <span class='ocrx_word' id='word_1_101' title='bbox 959 1917 1092 1970; x_wconf 77' lang='lat' dir='ltr'><em>cateruas.</em></span> 
     </span>
     <span class='ocr_line' id='line_1_17' title="bbox 241 2005 952 2084; baseline 0 -14"><span class='ocrx_word' id='word_1_102' title='bbox 241 2006 304 2070; x_wconf 78' lang='lat' dir='ltr'><em>Hic</em></span> <span class='ocrx_word' id='word_1_103' title='bbox 318 2016 438 2069; x_wconf 89' lang='lat' dir='ltr'><em>armata</em></span> <span class='ocrx_word' id='word_1_104' title='bbox 453 2029 570 2084; x_wconf 76' lang='lat' dir='ltr'><em>masters,</em></span> <span class='ocrx_word' id='word_1_105' title='bbox 588 2007 714 2067; x_wconf 81' lang='lat' dir='ltr'><em>Curetas</em></span> <span class='ocrx_word' id='word_1_106' title='bbox 728 2005 841 2069; x_wconf 86' lang='lat' dir='ltr'><em>nomine</em></span> <span class='ocrx_word' id='word_1_107' title='bbox 858 2006 952 2070; x_wconf 87' lang='lat' dir='ltr'><em>Graii</em></span> 
     </span>
     <span class='ocr_line' id='line_1_18' title="bbox 243 2104 1036 2190; baseline 0.005 -24"><span class='ocrx_word' id='word_1_108' title='bbox 243 2106 324 2188; x_wconf 80' lang='lat' dir='ltr'><em>Qreos</em></span> <span class='ocrx_word' id='word_1_109' title='bbox 339 2115 498 2166; x_wconf 87' lang='lat' dir='ltr'><em>memorant</em></span> <span class='ocrx_word' id='word_1_110' title='bbox 515 2104 674 2190; x_wconf 82' lang='lat' dir='ltr'><em>Phrygios,</em></span> <span class='ocrx_word' id='word_1_111' title='bbox 691 2104 811 2190; x_wconf 84' lang='lat' dir='ltr'><em>interse</em></span> <span class='ocrx_word' id='word_1_112' title='bbox 818 2104 906 2190; x_wconf 85' lang='lat' dir='ltr'><em>sorte</em></span> <span class='ocrx_word' id='word_1_113' title='bbox 921 2119 1036 2170; x_wconf 83' lang='lat' dir='ltr'><em>catenas</em></span> 
     </span>
     <span class='ocr_line' id='line_1_19' title="bbox 155 2202 1111 2292; baseline -0.004 -25"><span class='ocrx_word' id='word_1_114' title='bbox 155 2245 160 2255; x_wconf 56' lang='grc' dir='ltr'><em>ι</em></span> <span class='ocrx_word' id='word_1_115' title='bbox 242 2203 379 2280; x_wconf 83' lang='lat' dir='ltr'><em>Ludunt,</em></span> <span class='ocrx_word' id='word_1_116' title='bbox 393 2202 425 2265; x_wconf 85' lang='lat' dir='ltr'><em>in</em></span> <span class='ocrx_word' id='word_1_117' title='bbox 440 2226 648 2290; x_wconf 75' lang='lat' dir='ltr'><em>numerumque</em></span> <span class='ocrx_word' id='word_1_118' title='bbox 662 2202 809 2289; x_wconf 81' lang='lat' dir='ltr'><em>cerssettant</em></span> <span class='ocrx_word' id='word_1_119' title='bbox 818 2206 974 2290; x_wconf 75' lang='lat' dir='ltr'><em>sunguine</em></span> <span class='ocrx_word' id='word_1_120' title='bbox 983 2204 1070 2292; x_wconf 80' lang='lat' dir='ltr'><em>fleti:</em></span> <span class='ocrx_word' id='word_1_121' title='bbox 1089 2213 1111 2265; x_wconf 83' lang='lat' dir='ltr'><em>et</em></span> 
     </span>
     <span class='ocr_line' id='line_1_20' title="bbox 244 2303 969 2392; baseline -0.001 -21"><span class='ocrx_word' id='word_1_122' title='bbox 244 2303 402 2390; x_wconf 80' lang='lat' dir='ltr'><em>Terrificas</em></span> <span class='ocrx_word' id='word_1_123' title='bbox 417 2305 545 2390; x_wconf 73' lang='lat' dir='ltr'><em>cupitum</em></span> <span class='ocrx_word' id='word_1_124' title='bbox 559 2304 721 2391; x_wconf 80' lang='lat' dir='ltr'><em>quatientes</em></span> <span class='ocrx_word' id='word_1_125' title='bbox 736 2305 855 2368; x_wconf 84' lang='lat' dir='ltr'><em>numine</em></span> <span class='ocrx_word' id='word_1_126' title='bbox 868 2306 969 2392; x_wconf 71' lang='lat' dir='ltr'><em>cristas</em></span> 
     </span>
     <span class='ocr_line' id='line_1_21' title="bbox 244 2406 671 2492; baseline -0.002 -21"><span class='ocrx_word' id='word_1_127' title='bbox 244 2409 376 2471; x_wconf 78' lang='lat' dir='ltr'><em>Dittceos</em></span> <span class='ocrx_word' id='word_1_128' title='bbox 389 2406 521 2492; x_wconf 62' lang='lat' dir='ltr'><em>efferunt</em></span> <span class='ocrx_word' id='word_1_129' title='bbox 537 2406 671 2470; x_wconf 85' lang='lat' dir='ltr'><em>Curetas.</em></span> 
     </span>
     <span class='ocr_line' id='line_1_22' title="bbox 159 2507 1156 2576; baseline -0.005 -1"><span class='ocrx_word' id='word_1_130' title='bbox 159 2513 325 2576; x_wconf 77' lang='lat' dir='ltr'><em>Creterum</em></span> <span class='ocrx_word' id='word_1_131' title='bbox 348 2508 380 2572; x_wconf 90' lang='lat' dir='ltr'><em>in</em></span> <span class='ocrx_word' id='word_1_132' title='bbox 405 2509 468 2574; x_wconf 91' lang='lat' dir='ltr'><em>hoc</em></span> <span class='ocrx_word' id='word_1_133' title='bbox 495 2509 655 2575; x_wconf 79' lang='lat' dir='ltr'><em>Plutarchi</em></span> <span class='ocrx_word' id='word_1_134' title='bbox 675 2508 748 2573; x_wconf 91' lang='lat' dir='ltr'><em>loco</em></span> <span class='ocrx_word' id='word_1_135' title='bbox 770 2531 835 2574; x_wconf 91' lang='lat' dir='ltr'><em>non</em></span> <span class='ocrx_word' id='word_1_136' title='bbox 860 2531 926 2575; x_wconf 87' lang='lat' dir='ltr'><em>una</em></span> <span class='ocrx_word' id='word_1_137' title='bbox 947 2511 991 2574; x_wconf 89' lang='lat' dir='ltr'><em>est</em></span> <span class='ocrx_word' id='word_1_138' title='bbox 1011 2507 1156 2575; x_wconf 69' lang='lat' dir='ltr'><em>difficultas</em></span> 
     </span>
     <span class='ocr_line' id='line_1_23' title="bbox 158 2608 1157 2698; baseline -0.002 -22"><span class='ocrx_word' id='word_1_139' title='bbox 158 2614 264 2697; x_wconf 79' lang='lat' dir='ltr'><em>Kpseor</em></span> <span class='ocrx_word' id='word_1_140' title='bbox 283 2613 303 2675; x_wconf 86' lang='lat' dir='ltr'><em>ss</em></span> <span class='ocrx_word' id='word_1_141' title='bbox 324 2613 488 2696; x_wconf 87' lang='lat' dir='ltr'><em>quiscum</em></span> <span class='ocrx_word' id='word_1_142' title='bbox 510 2612 556 2674; x_wconf 92' lang='lat' dir='ltr'><em>H.</em></span> <span class='ocrx_word' id='word_1_143' title='bbox 573 2611 736 2695; x_wconf 83' lang='lat' dir='ltr'><em>Stephano</em></span> <span class='ocrx_word' id='word_1_144' title='bbox 750 2610 843 2676; x_wconf 89' lang='lat' dir='ltr'><em>Thes.</em></span> <span class='ocrx_word' id='word_1_145' title='bbox 860 2614 899 2677; x_wconf 89' lang='lat' dir='ltr'><em>L.</em></span> <span class='ocrx_word' id='word_1_146' title='bbox 916 2614 974 2676; x_wconf 93' lang='lat' dir='ltr'><em>Gr.</em></span> <span class='ocrx_word' id='word_1_147' title='bbox 989 2608 1123 2698; x_wconf 88' lang='lat' dir='ltr'><em>Append.</em></span> <span class='ocrx_word' id='word_1_148' title='bbox 1133 2627 1157 2692; x_wconf 88' lang='lat' dir='ltr'><em>p·</em></span> 
     </span>
     <span class='ocr_line' id='line_1_24' title="bbox 161 2707 1159 2800; baseline -0.006 -20"><span class='ocrx_word' id='word_1_149' title='bbox 161 2733 254 2800; x_wconf 89' lang='lat'>1297.</span> <span class='ocrx_word' id='word_1_150' title='bbox 277 2736 335 2799; x_wconf 91' lang='lat' dir='ltr'><em>pro</em></span> <span class='ocrx_word' id='word_1_151' title='bbox 355 2735 472 2798; x_wconf 84' lang='lat' dir='ltr'><em>genere</em></span> <span class='ocrx_word' id='word_1_152' title='bbox 494 2712 668 2777; x_wconf 82' lang='lat' dir='ltr'><em>saltationis</em></span> <span class='ocrx_word' id='word_1_153' title='bbox 691 2713 845 2798; x_wconf 84' lang='lat' dir='ltr'><em>accipiat3</em></span> <span class='ocrx_word' id='word_1_154' title='bbox 869 2728 980 2778; x_wconf 86' lang='lat' dir='ltr'><em>tamen</em></span> <span class='ocrx_word' id='word_1_155' title='bbox 1002 2707 1159 2778; x_wconf 79' lang='lat' dir='ltr'><em>construstio</em></span> 
     </span>
     <span class='ocr_line' id='line_1_25' title="bbox 152 2810 1159 2900; baseline -0.005 -24"><span class='ocrx_word' id='word_1_156' title='bbox 152 2817 325 2878; x_wconf 62' lang='lat' dir='ltr'><em>uerborum</em></span> <span class='ocrx_word' id='word_1_157' title='bbox 341 2812 512 2875; x_wconf 80' lang='lat' dir='ltr'><em>laborabit:</em></span> <span class='ocrx_word' id='word_1_158' title='bbox 536 2811 614 2876; x_wconf 88' lang='lat' dir='ltr'><em>item</em></span> <span class='ocrx_word' id='word_1_159' title='bbox 631 2812 800 2892; x_wconf 83' lang='lat' dir='ltr'><em>laborabit,</em></span> <span class='ocrx_word' id='word_1_160' title='bbox 821 2813 841 2876; x_wconf 82' lang='lat' dir='ltr'><em>ss</em></span> <span class='ocrx_word' id='word_1_161' title='bbox 861 2814 969 2900; x_wconf 65' lang='grc' dir='ltr'>κρίνων,</span> <span class='ocrx_word' id='word_1_162' title='bbox 984 2813 1113 2891; x_wconf 84' lang='lat' dir='ltr'><em>liliorum,</em></span> <span class='ocrx_word' id='word_1_163' title='bbox 1124 2810 1159 2873; x_wconf 87' lang='lat' dir='ltr'><em>in·</em></span> 
     </span>
     <span class='ocr_line' id='line_1_26' title="bbox 156 2909 1160 3001; baseline -0.002 -26"><span class='ocrx_word' id='word_1_164' title='bbox 156 2912 282 2998; x_wconf 84' lang='lat' dir='ltr'><em>telligns</em></span> <span class='ocrx_word' id='word_1_165' title='bbox 301 2910 429 2974; x_wconf 87' lang='lat' dir='ltr'><em>liliorum</em></span> <span class='ocrx_word' id='word_1_166' title='bbox 440 2909 610 2997; x_wconf 82' lang='lat' dir='ltr'><em>florumque</em></span> <span class='ocrx_word' id='word_1_167' title='bbox 633 2911 760 2977; x_wconf 85' lang='lat' dir='ltr'><em>aliorum</em></span> <span class='ocrx_word' id='word_1_168' title='bbox 769 2914 974 3001; x_wconf 82' lang='lat' dir='ltr'><em>spnrſsonerns</em></span> <span class='ocrx_word' id='word_1_169' title='bbox 997 2929 1052 2980; x_wconf 86' lang='lat' dir='ltr'><em>aut</em></span> <span class='ocrx_word' id='word_1_170' title='bbox 1072 2914 1089 2976; x_wconf 80' lang='lat' dir='ltr'>fi</span> <span class='ocrx_word' id='word_1_171' title='bbox 1106 2931 1160 2975; x_wconf 90' lang='lat' dir='ltr'><em>om·</em></span> 
     </span>
     <span class='ocr_line' id='line_1_27' title="bbox 158 3012 1160 3098; baseline 0.002 -22"><span class='ocrx_word' id='word_1_172' title='bbox 158 3012 234 3077; x_wconf 88' lang='lat' dir='ltr'><em>nino</em></span> <span class='ocrx_word' id='word_1_173' title='bbox 256 3013 435 3090; x_wconf 86' lang='lat' dir='ltr'><em>omittatur,</em></span> <span class='ocrx_word' id='word_1_174' title='bbox 455 3012 644 3076; x_wconf 67' lang='lat' dir='ltr'><em>austeritate</em></span> <span class='ocrx_word' id='word_1_175' title='bbox 664 3015 875 3098; x_wconf 87' lang='lat' dir='ltr'><em>plurimorum</em></span> <span class='ocrx_word' id='word_1_176' title='bbox 895 3016 1057 3097; x_wconf 87' lang='lat' dir='ltr'><em>codicum,</em></span> <span class='ocrx_word' id='word_1_177' title='bbox 1077 3029 1160 3079; x_wconf 79' lang='lat' dir='ltr'><em>temer</em></span> 
     </span>
     <span class='ocr_line' id='line_1_28' title="bbox 155 3114 1160 3208; baseline 0.004 -29"><span class='ocrx_word' id='word_1_178' title='bbox 155 3114 300 3197; x_wconf 74' lang='grc' dir='ltr'><em>τυμπάνων</em></span> <span class='ocrx_word' id='word_1_179' title='bbox 318 3115 488 3202; x_wconf 60' lang='grc' dir='ltr'><em>ἐγχαράξεις</em></span> <span class='ocrx_word' id='word_1_180' title='bbox 506 3139 570 3180; x_wconf 88' lang='lat' dir='ltr'><em>non</em></span> <span class='ocrx_word' id='word_1_181' title='bbox 589 3116 675 3180; x_wconf 72' lang='lat' dir='ltr'><em>redte</em></span> <span class='ocrx_word' id='word_1_182' title='bbox 698 3117 866 3181; x_wconf 83' lang='lat' dir='ltr'><em>dicantur:</em></span> <span class='ocrx_word' id='word_1_183' title='bbox 893 3120 1015 3208; x_wconf 81' lang='lat' dir='ltr'><em>quippe</em></span> <span class='ocrx_word' id='word_1_184' title='bbox 1037 3133 1160 3206; x_wconf 73' lang='lat' dir='ltr'><em>tynpent·</em></span> 
     </span>
     <span class='ocr_line' id='line_1_29' title="bbox 157 3216 1161 3308; baseline -0.004 -25"><span class='ocrx_word' id='word_1_185' title='bbox 157 3241 223 3283; x_wconf 89' lang='lat' dir='ltr'><em>rum</em></span> <span class='ocrx_word' id='word_1_186' title='bbox 244 3219 286 3282; x_wconf 85' lang='lat' dir='ltr'><em>est</em></span> <span class='ocrx_word' id='word_1_187' title='bbox 306 3216 444 3304; x_wconf 79' lang='lat' dir='ltr'><em>pulsatio,</em></span> <span class='ocrx_word' id='word_1_188' title='bbox 459 3216 608 3303; x_wconf 76' lang='lat' dir='ltr'><em>conereffio,</em></span> <span class='ocrx_word' id='word_1_189' title='bbox 624 3222 762 3303; x_wconf 76' lang='grc' dir='ltr'><em>ἀραγμὸς,</em></span> <span class='ocrx_word' id='word_1_190' title='bbox 781 3220 921 3306; x_wconf 60' lang='lat' dir='ltr'><em>insignite:</em></span> <span class='ocrx_word' id='word_1_191' title='bbox 937 3219 1106 3308; x_wconf 78' lang='lat' dir='ltr'><em>cujusmodi</em></span> <span class='ocrx_word' id='word_1_192' title='bbox 1118 3238 1161 3281; x_wconf 89' lang='lat' dir='ltr'><em>no·</em></span> 
     </span>
     <span class='ocr_line' id='line_1_30' title="bbox 158 3319 1160 3407; baseline 0.002 -22"><span class='ocrx_word' id='word_1_193' title='bbox 158 3344 232 3386; x_wconf 87' lang='lat' dir='ltr'><em>men</em></span> <span class='ocrx_word' id='word_1_194' title='bbox 247 3320 299 3384; x_wconf 89' lang='lat' dir='ltr'><em>hic</em></span> <span class='ocrx_word' id='word_1_195' title='bbox 315 3319 405 3384; x_wconf 83' lang='lat' dir='ltr'><em>locus</em></span> <span class='ocrx_word' id='word_1_196' title='bbox 419 3319 581 3383; x_wconf 83' lang='lat' dir='ltr'><em>desiderat</em></span> <span class='ocrx_word' id='word_1_197' title='bbox 605 3319 806 3404; x_wconf 76' lang='grc' dir='ltr'><em>διεγχααξις</em></span> <span class='ocrx_word' id='word_1_198' title='bbox 818 3321 1160 3407; x_wconf 75' lang='lat' dir='ltr'><em>germanenses,</em></span> 
     </span>
    </p>
   </div>
   <div class='ocr_carea' id='block_1_3' title="bbox 157 3421 1195 3608">
    <p class='ocr_par' dir='ltr' id='par_1_3' title="bbox 157 3421 1195 3608">
     <span class='ocr_line' id='line_1_31' title="bbox 158 3421 1195 3512; baseline -0.006 -24"><span class='ocrx_word' id='word_1_199' title='bbox 158 3424 270 3488; x_wconf 80' lang='lat' dir='ltr'><em>ficetur</em></span> <span class='ocrx_word' id='word_1_200' title='bbox 291 3421 473 3506; x_wconf 90' lang='lat' dir='ltr'><em>insculptio,</em></span> <span class='ocrx_word' id='word_1_201' title='bbox 493 3444 556 3507; x_wconf 84' lang='lat' dir='ltr'><em>que</em></span> <span class='ocrx_word' id='word_1_202' title='bbox 576 3423 703 3506; x_wconf 86' lang='lat' dir='ltr'><em>corpori</em></span> <span class='ocrx_word' id='word_1_203' title='bbox 724 3424 834 3510; x_wconf 75' lang='lat' dir='ltr'><em>sgurae</em></span> <span class='ocrx_word' id='word_1_204' title='bbox 856 3424 1195 3512; x_wconf 79' lang='lat' dir='ltr'><em>impungerentur‚et</em></span> <span class='ocrx_word' id='word_1_205' title='bbox 1192 3462 1195 3483; x_wconf 84' lang='lat'><em>.</em></span> 
     </span>
     <span class='ocr_line' id='line_1_32' title="bbox 157 3513 1195 3608; baseline -0.004 -21"><span class='ocrx_word' id='word_1_206' title='bbox 157 3513 240 3587; x_wconf 76' lang='lat' dir='ltr'><em>forte</em></span> <span class='ocrx_word' id='word_1_207' title='bbox 260 3542 334 3584; x_wconf 83' lang='lat' dir='ltr'><em>vera</em></span> <span class='ocrx_word' id='word_1_208' title='bbox 355 3521 450 3585; x_wconf 72' lang='grc' dir='ltr'><em>1εᾶἰο</em></span> <span class='ocrx_word' id='word_1_209' title='bbox 471 3520 566 3583; x_wconf 84' lang='lat' dir='ltr'><em>suerit</em></span> <span class='ocrx_word' id='word_1_210' title='bbox 589 3522 635 3583; x_wconf 86' lang='lat' dir='ltr'><em>ueri</em></span> <span class='ocrx_word' id='word_1_211' title='bbox 662 3521 756 3607; x_wconf 75' lang='grc' dir='ltr'>κρίνων</span> <span class='ocrx_word' id='word_1_212' title='bbox 780 3523 952 3608; x_wconf 63' lang='grc' dir='ltr'><em>εγχαράξενς</em></span> <span class='ocrx_word' id='word_1_213' title='bbox 974 3526 1021 3588; x_wconf 80' lang='lat' dir='ltr'><em>uel</em></span> <span class='ocrx_word' id='word_1_214' title='bbox 1041 3520 1195 3607; x_wconf 57' lang='lat' dir='ltr'><em>repeton!</em></span> 
     </span>
    </p>
   </div>
   <div class='ocr_carea' id='block_1_4' title="bbox 154 3616 1195 3920">
    <p class='ocr_par' dir='ltr' id='par_1_4' title="bbox 154 3616 1195 3920">
     <span class='ocr_line' id='line_1_33' title="bbox 157 3616 1195 3849; baseline -0.003 -163"><span class='ocrx_word' id='word_1_215' title='bbox 157 3622 267 3708; x_wconf 70' lang='grc' dir='ltr'><em>ἐναραξε</em></span> <span class='ocrx_word' id='word_1_216' title='bbox 270 3649 303 3695; x_wconf 85' lang='grc' dir='ltr'><em>νς.</em></span> <span class='ocrx_word' id='word_1_217' title='bbox 347 3623 394 3685; x_wconf 89' lang='lat' dir='ltr'><em>At</em></span> <span class='ocrx_word' id='word_1_218' title='bbox 419 3621 483 3685; x_wconf 87' lang='lat' dir='ltr'><em>hoc</em></span> <span class='ocrx_word' id='word_1_219' title='bbox 510 3622 593 3686; x_wconf 87' lang='lat' dir='ltr'><em>sorte</em></span> <span class='ocrx_word' id='word_1_220' title='bbox 612 3621 742 3707; x_wconf 86' lang='lat' dir='ltr'><em>longius</em></span> <span class='ocrx_word' id='word_1_221' title='bbox 769 3645 788 3685; x_wconf 86' lang='lat' dir='ltr'>a</span> <span class='ocrx_word' id='word_1_222' title='bbox 816 3623 1022 3690; x_wconf 70' lang='lat' dir='ltr'><em>similitudine</em></span> <span class='ocrx_word' id='word_1_223' title='bbox 1048 3616 1195 3709; x_wconf 76' lang='lat' dir='ltr'><em>vulgate*</em></span> <span class='ocrx_word' id='word_1_224' title='bbox 1192 3652 1195 3849; x_wconf 77' lang='lat' dir='ltr'><em>q</em></span> 
     </span>
     <span class='ocr_line' id='line_1_34' title="bbox 154 3721 1160 3841; baseline -0.002 -49"><span class='ocrx_word' id='word_1_225' title='bbox 154 3727 318 3841; x_wconf 71' lang='lat' dir='ltr'><em>scripture</em></span> <span class='ocrx_word' id='word_1_226' title='bbox 339 3725 439 3789; x_wconf 83' lang='lat' dir='ltr'><em>abesse</em></span> <span class='ocrx_word' id='word_1_227' title='bbox 457 3725 632 3809; x_wconf 88' lang='lat' dir='ltr'><em>judicetur</em></span> <span class='ocrx_word' id='word_1_228' title='bbox 670 3728 787 3811; x_wconf 84' lang='lat' dir='ltr'><em>Neque</em></span> <span class='ocrx_word' id='word_1_229' title='bbox 803 3730 960 3812; x_wconf 87' lang='lat' dir='ltr'><em>probatur</em></span> <span class='ocrx_word' id='word_1_230' title='bbox 973 3721 1160 3796; x_wconf 74' lang='lat' dir='ltr'><em>nobisMui·</em></span> 
     </span>
     <span class='ocr_line' id='line_1_35' title="bbox 156 3802 1195 3920; baseline 0.001 -30"><span class='ocrx_word' id='word_1_231' title='bbox 156 3828 231 3890; x_wconf 86' lang='lat' dir='ltr'><em>riaer</em></span> <span class='ocrx_word' id='word_1_232' title='bbox 222 3825 420 3913; x_wconf 59' lang='lat' dir='ltr'><em>impositu,</em></span> <span class='ocrx_word' id='word_1_233' title='bbox 418 3822 649 3888; x_wconf 86' lang='lat' dir='ltr'><em>inclamationes</em></span> <span class='ocrx_word' id='word_1_234' title='bbox 695 3828 819 3912; x_wconf 81' lang='lat' dir='ltr'><em>ltaque,</em></span> <span class='ocrx_word' id='word_1_235' title='bbox 837 3828 857 3890; x_wconf 85' lang='lat' dir='ltr'><em>ss</em></span> <span class='ocrx_word' id='word_1_236' title='bbox 873 3829 1002 3916; x_wconf 85' lang='lat' dir='ltr'><em>legatur</em></span> <span class='ocrx_word' id='word_1_237' title='bbox 1022 3831 1113 3920; x_wconf 67' lang='lat' dir='ltr'><em>uginus</em></span> <span class='ocrx_word' id='word_1_238' title='bbox 1130 3802 1195 3900; x_wconf 75' lang='lat' dir='ltr'><em>zeii</em></span> 
     </span>
    </p>
   </div>
   <div class='ocr_carea' id='block_1_5' title="bbox 154 3926 1195 4221">
    <p class='ocr_par' dir='ltr' id='par_1_5' title="bbox 154 3926 1161 4221">
     <span class='ocr_line' id='line_1_36' title="bbox 154 3926 1161 4019; baseline 0.01 -28"><span class='ocrx_word' id='word_1_239' title='bbox 154 3928 300 4009; x_wconf 75' lang='grc' dir='ltr'><em>τυμπάνων</em></span> <span class='ocrx_word' id='word_1_240' title='bbox 328 3926 478 4011; x_wconf 55' lang='lat' dir='ltr'><em>linquite„</em></span> <span class='ocrx_word' id='word_1_241' title='bbox 507 3926 682 3990; x_wconf 89' lang='lat' dir='ltr'><em>annulorum</em></span> <span class='ocrx_word' id='word_1_242' title='bbox 706 3941 965 4017; x_wconf 75' lang='lat' dir='ltr'><em>tympanorumque</em></span> <span class='ocrx_word' id='word_1_243' title='bbox 989 3929 1161 4019; x_wconf 68' lang='lat' dir='ltr'><em>eoneuffiottts</em></span> 
     </span>
     <span class='ocr_line' id='line_1_37' title="bbox 155 4022 1195 4121; baseline 0 -31"><span class='ocrx_word' id='word_1_244' title='bbox 155 4027 355 4101; x_wconf 80' lang='lat' dir='ltr'><em>habebimus,</em></span> <span class='ocrx_word' id='word_1_245' title='bbox 371 4022 425 4087; x_wconf 78' lang='lat' dir='ltr'><em>nist</em></span> <span class='ocrx_word' id='word_1_246' title='bbox 447 4045 552 4087; x_wconf 73' lang='lat' dir='ltr'><em>serum</em></span> <span class='ocrx_word' id='word_1_247' title='bbox 572 4024 753 4104; x_wconf 64' lang='lat' dir='ltr'><em>lestionenu</em></span> <span class='ocrx_word' id='word_1_248' title='bbox 779 4041 813 4090; x_wconf 89' lang='lat' dir='ltr'><em>at</em></span> <span class='ocrx_word' id='word_1_249' title='bbox 834 4050 918 4109; x_wconf 76' lang='lat' dir='ltr'><em>eant,</em></span> <span class='ocrx_word' id='word_1_250' title='bbox 942 4032 976 4095; x_wconf 90' lang='lat' dir='ltr'><em>in</em></span> <span class='ocrx_word' id='word_1_251' title='bbox 999 4032 1087 4121; x_wconf 82' lang='lat' dir='ltr'><em>cujus</em></span> <span class='ocrx_word' id='word_1_252' title='bbox 1104 4047 1195 4121; x_wconf 86' lang='lat' dir='ltr'><em>pro·</em></span> 
     </span>
     <span class='ocr_line' id='line_1_38' title="bbox 155 4124 1159 4221; baseline 0.003 -34"><span class='ocrx_word' id='word_1_253' title='bbox 155 4125 319 4191; x_wconf 80' lang='lat' dir='ltr'><em>babilitnte</em></span> <span class='ocrx_word' id='word_1_254' title='bbox 333 4124 425 4188; x_wconf 90' lang='lat' dir='ltr'><em>nobis</em></span> <span class='ocrx_word' id='word_1_255' title='bbox 440 4125 637 4211; x_wconf 84' lang='lat' dir='ltr'><em>acquiescere</em></span> <span class='ocrx_word' id='word_1_256' title='bbox 651 4125 765 4191; x_wconf 85' lang='lat' dir='ltr'><em>liceat:</em></span> <span class='ocrx_word' id='word_1_257' title='bbox 784 4130 935 4215; x_wconf 86' lang='lat' dir='ltr'><em>liquidem</em></span> <span class='ocrx_word' id='word_1_258' title='bbox 951 4134 1040 4221; x_wconf 74' lang='lat' dir='ltr'><em>uqsue</em></span> <span class='ocrx_word' id='word_1_259' title='bbox 1052 4135 1104 4198; x_wconf 80' lang='lat' dir='ltr'><em>snt</em></span> <span class='ocrx_word' id='word_1_260' title='bbox 1115 4150 1159 4195; x_wconf 70' lang='grc' dir='ltr'><em>νιν,</em></span> 
     </span>
    </p>
   </div>
   <div class='ocr_carea' id='block_1_6' title="bbox 153 4220 1159 4321">
    <p class='ocr_par' dir='ltr' id='par_1_6' title="bbox 153 4220 1159 4321">
     <span class='ocr_line' id='line_1_39' title="bbox 153 4220 1159 4321; baseline 0.006 -28"><span class='ocrx_word' id='word_1_261' title='bbox 153 4220 225 4293; x_wconf 84' lang='lat' dir='ltr'><em>nidi</em></span> <span class='ocrx_word' id='word_1_262' title='bbox 245 4239 442 4307; x_wconf 81' lang='lat' dir='ltr'><em>catenarum,</em></span> <span class='ocrx_word' id='word_1_263' title='bbox 456 4226 573 4321; x_wconf 69' lang='lat' dir='ltr'><em>quibus</em></span> <span class='ocrx_word' id='word_1_264' title='bbox 593 4225 639 4291; x_wconf 90' lang='lat' dir='ltr'><em>illi</em></span> <span class='ocrx_word' id='word_1_265' title='bbox 652 4228 837 4311; x_wconf 75' lang='lat' dir='ltr'><em>secerdotes</em></span> <span class='ocrx_word' id='word_1_266' title='bbox 857 4235 1039 4318; x_wconf 82' lang='lat' dir='ltr'><em>quatiendis</em></span> <span class='ocrx_word' id='word_1_267' title='bbox 1053 4234 1105 4312; x_wconf 84' lang='lat' dir='ltr'><em>se</em></span> <span class='ocrx_word' id='word_1_268' title='bbox 1098 4228 1159 4299; x_wconf 78' lang='lat' dir='ltr'><em>inti·</em></span> 
     </span>
    </p>
   </div>
   <div class='ocr_carea' id='block_1_7' title="bbox 0 0 1346 5258">
    <p class='ocr_par' dir='ltr' id='par_1_7' title="bbox 0 0 1346 5258">
     <span class='ocr_line' id='line_1_40' title="bbox 0 0 1346 5258; baseline 0 0"><span class='ocrx_word' id='word_1_269' title='bbox 0 0 1346 5258; x_wconf 95' lang='lat' dir='ltr'><em> </em></span> 
     </span>
    </p>
   </div>
  </div>
 </body>
</html>
