2684 5258
248 707 306 773 ΒΕ
324 706 549 775 AUmENms
568 714 715 777 FORTIS.
736 723 826 795 pat.
839 716 876 777 Α.
1018 728 1077 783 sat

162 877 324 944 loannem
352 864 589 945 Damascenuln
623 878 656 944 in
692 879 853 946 Parallelis
890 880 1081 947 Florentinis

137 1028 147 1044 .
169 980 327 1067 Δυοᾶρεςοι
346 979 418 1055 ὄντες
432 988 456 1067 οἶ
470 980 628 1061 milevim,
643 982 771 1071 καθάπερ
786 985 816 1062 ἐξ
833 987 933 1063 οἰκιῶν,
945 993 999 1048 τῶν
1011 1010 1079 1072 agr·

135 1104 178 1146 rm
192 1084 259 1146 καθ’
272 1080 373 1167 ἡμίραο
385 1080 592 1163 μετοικίζοντος.

138 1182 206 1248 .A.
230 1182 397 1268 ἐπορίςερος]
423 1184 500 1248 Νοη
518 1195 647 1268 poterat
665 1184 715 1247 uti
737 1183 903 1264 vocabulo,
923 1185 1009 1272 quod
1030 1184 1081 1250 di·

135 1306 167 1351 ts
185 1282 436 1368 concinniusque
457 1296 674 1368 opponeretur
692 1284 894 1350 antecedenti
909 1287 1079 1368 ἂμφιδίξιοςε

135 1396 200 1465 ‚ut
219 1384 274 1449 hic
289 1396 425 1470 utraque
441 1406 541 1448 manu
560 1382 689 1459 bitere
710 1386 824 1465 utitur,
847 1387 894 1451 ita
914 1387 968 1452 ille
989 1372 1080 1454 utra-

142 1482 253 1550 iitristre
274 1498 310 1548 et
332 1483 451 1569 inepte.
493 1486 524 1549 A
547 1486 765 1573 grammaticis
789 1487 1015 1573 reprehensum
1041 1502 1081 1553 ut

135 1608 163 1652 ιο
176 1587 338 1665 Atticum,
360 1586 489 1674 ejusque
511 1587 584 1652 loco
603 1588 905 1654 commendantibus
916 1594 1025 1670 σκαιὸν,
1039 1591 1081 1658 de

146 1689 242 1776 supra
265 1688 415 1768 diximus,
435 1688 630 1754 vindicatum
656 1690 699 1753 est
721 1711 741 1754 a
763 1688 908 1755 Sallierio
929 1690 971 1756 ad
990 1691 1080 1757 Tho-

135 1813 142 1855 ι
161 1790 257 1878 Mag.
281 1812 314 1876 p.
331 1805 404 1877 795.
420 1790 484 1876 seq.
507 1791 561 1853 cui
580 1789 716 1855 addatur
728 1792 908 1857 Nuunesrus
923 1791 965 1857 ad
980 1792 1081 1880 Phry-

135 1890 142 1955 i
171 1890 287 1978 Eclog.
319 1912 352 1976 p.
378 1910 461 1954 1102
495 1890 664 1977 Berglcrua
690 1891 732 1956 ad
754 1891 975 1977 Aristophanis
997 1894 1082 1957 Aves

135 1992 155 2057 le
179 1992 213 2057 J.
229 1989 357 2055 Alberti
373 1989 412 2054 ad
430 1989 630 2077 Hesychium
645 1990 685 2055 T.
701 1991 728 2053 Ι.
751 2011 784 2076 p.
802 2009 895 2074 1314
932 1990 1009 2056 Alia
1023 2015 1081 2058 no·

135 2114 198 2158 nus
214 2090 256 2156 ad
271 2093 388 2177 p.467.
405 2092 446 2155 C.

135 2238 152 2258 ..
165 2192 210 2257 Α.
241 2190 331 2265 ‘oldut
355 2196 393 2254 τοὶ
416 2192 535 2276 Stia—J
569 2190 645 2257 Sine
670 2191 809 2258 αυᾶοῐὶθ
835 2194 964 2258 nomine
987 2193 1085 2259 exstat

135 2295 144 2360 l
161 2294 330 2360 Stobaeurn
349 2295 452 2357 Serm.
467 2296 507 2360 V.
529 2315 562 2379 p.
574 2296 630 2378 ¹63.
650 2294 737 2360 unde
753 2295 785 2361 in
803 2295 1010 2383 Florilegium
1032 2319 1084 2360 re·

135 2410 146 2462 t
170 2396 306 2461 Grotius
331 2418 363 2480 p.
379 2415 432 2481 35.
456 2411 489 2459 ct
514 2397 546 2459 in
569 2397 728 2482 Excerpta
751 2419 784 2484 p.
802 2397 878 2482 465.
915 2398 1085 2485 Sophoclis

139 2496 318 2582 suspicatur
337 2499 375 2560 L.
391 2497 430 2560 C.
448 2496 679 2562 Valckenarius
698 2497 740 2563 ad
761 2498 921 2584 Euripidis
937 2499 1084 2565 Phoeniff.

135 2617 186 2684 09.
206 2596 270 2683 seq.
311 2598 348 2659 In
371 2597 531 2663 Plutarchi
551 2597 802 2682 reprehensione,
820 2598 898 2680 φόὸος
920 2600 1086 2665 desiderari

135 2718 191 2777 tm,
210 2712 248 2762 ut
261 2697 318 2762 fit:
351 2697 396 2779 aa)
415 2703 467 2779 μὴν
489 2701 597 2777 ἐδαμῶς
618 2696 708 2786 adias,
729 2703 810 2761 ἁλλὰ
829 2699 945 2786 Θᾶςοος
963 2727 993 2763 τ.
1008 2706 1040 2764 8.
1056 2729 1085 2765 τ.

135 2900 219 2985 μΑ.
245 2906 300 2978 τοῖς
321 2901 419 2986 rippam
444 2898 489 2979 rol
510 2902 656 2987 ἇχοιςῖςοις
673 2898 720 2980 aa)
743 2898 873 2986 ἀνοήτοις]
898 2902 1006 2988 Quam
1024 2904 1086 2968 rim

135 3017 181 3067 tat
195 3004 355 3090 ἂχαρῖςοος,
377 3024 440 3066 non
456 3001 609 3065 continuo
624 3014 768 3087 apparet.
806 3001 952 3066 Krebfius
968 3003 1086 3067 intelli-

135 3104 229 3183 *udca
251 3104 385 3191 ignaros,
406 3103 561 3167 literarum
581 3100 792 3188 elegantiarum
806 3114 946 3191 expertes,
967 3118 1005 3170 ut
1022 3095 1087 3194 χοι.

135 3206 227 3281 eltis
247 3206 390 3291 opposita
410 3205 539 3268 notione
558 3204 720 3269 dicuntur.
765 3204 863 3292 Quod
886 3229 949 3270 non
975 3209 1086 3293 probo,

135 3329 180 3394 pe
195 3305 286 3376 nullo
302 3305 360 3404 usu
376 3306 548 3384 sinuatum,
565 3305 620 3391 qui
633 3305 696 3370 hoc
715 3305 804 3369 sensu
824 3305 931 3391 potius
946 3310 1087 3395 require-

135 3410 252 3493 ipsulm,
268 3408 352 3474 forte
370 3423 403 3471 ct
425 3407 565 3492 ἁχαρίτος
588 3407 695 3485 ferret,
713 3405 800 3492 quod
821 3407 897 3472 huic
916 3408 988 3474 loco
1010 3412 1087 3475 ass'e-

135 3513 198 3577 lum
221 3509 345 3575 censuit
366 3508 557 3574 dodtillimus
579 3510 610 3573 J.
627 3510 669 3572 G.
686 3508 897 3574 Schneiderus
913 3511 953 3574 ad
968 3513 1088 3575 Deme-

135 3635 162 3678 m
179 3610 409 3697 Pha1.§.130=
433 3608 621 3672 vocabulum
638 3609 710 3672 sanc
733 3609 869 3693 probum
891 3609 1089 3673 animadver-

135 3760 138 3779 .
157 3716 193 3782 P.
208 3713 418 3798 Well'clingio
440 3712 481 3775 ad
502 3712 704 3775 Herodotum
724 3733 757 3806 p.
775 3713 827 3796 98.
843 3726 877 3774 et
890 3730 965 3797 577.
982 3727 1091 3779 tamen

135 3814 194 3898 ito,
217 3839 260 3880 an
281 3815 356 3879 huic
376 3814 447 3877 loeo
468 3813 540 3877 l'atis
562 3813 738 3876 conveniat.
779 3812 883 3896 Igitur
898 3815 1091 3881 retineamus

135 3933 246 4004 gutum,
269 3917 303 3980 iu
321 3938 386 4002 quo
405 3937 517 3979 omnes
536 3914 610 3977 libri
627 3912 839 3987 consentiunt,
861 3912 959 4000 idque
972 3917 1091 3983 intelli-

135 4038 181 4083 tus
207 4018 355 4104 ingratos,
382 4016 433 4101 qui
457 4012 594 4100 beneficia
620 4013 679 4075 Dei
703 4035 754 4076 nec
774 4013 1016 4080 animadvertunt
1042 4044 1094 4083 nec

135 4116 271 4180 inanimo
293 4115 451 4201 accipiunt,
473 4114 579 4201 quippe
600 4112 651 4200 qai
672 4110 757 4176 illius
781 4112 935 4201 beneficam
953 4130 1095 4183 ruituram

139 4216 270 4305 malefica
286 4215 405 4279 hahart.
433 4215 535 4300 quue
547 4214 698 4300 congruit
713 4215 745 4277 in
762 4214 997 4299 superstitiosos,
1013 4240 1093 4304 quoa

135 4318 262 4384 lucitus
282 4319 335 4385 De
355 4317 580 4402 superstitione
605 4338 637 4403 p.
657 4319 728 4401 167.
742 4317 787 4382 D.
808 4317 871 4380 hoc
892 4319 1020 4382 nomine
1042 4342 1093 4383 ree

135 4416 258 4489 ΜΒ
287 4420 413 4497 infinitam
435 4417 542 4506 φοὲερόν
566 4421 597 4481 τὸ
618 4421 733 4501 εὐμενὲς,
755 4447 776 4505 ig
799 4421 952 4504 τυραννικὸν
974 4422 1004 4483 τὸ
1028 4448 1094 4488 πα-

135 4521 177 4609 tlt,
193 4525 215 4609 οὲ
230 4521 366 4608 βλοέεροο
381 4524 411 4584 τὸ
427 4521 606 4602 κηδεμονικὸν,
623 4519 668 4599 κα)
682 4523 714 4583 ai
732 4521 858 4600 ἀμήνιτον
875 4517 970 4607 ἄγριον
990 4520 1054 4605 eim
1073 4529 1095 4613 ’d

135 4625 210 4699 aila.
247 4627 369 4690 Seneca
388 4620 524 4710 Epistola
545 4620 702 4685 CXXIII.
718 4620 796 4688 fine:
831 4618 1098 4709 Superstitio-errae
