2684 5258
159 346 219 399 20³
304 339 343 397 D.
354 339 406 396 W.
427 338 634 398 ANIMADV.
653 338 701 397 IN
720 335 1053 397 PLUTARCIII-LIB.

148 498 239 586 fisus
254 502 334 588 stet:
357 522 420 586 quo
442 501 500 565 usu
523 500 549 564 is
570 500 626 588 qui
646 498 765 586 aliquid
789 497 924 587 cogitat,
941 496 1082 587 judicat,
1101 496 1169 577 dicit

160 602 279 680 scribit,
296 602 397 687 ipsum
412 601 490 666 illud
504 601 607 666 facere
621 601 754 666 dicitur:
772 600 872 665 veluti
885 608 909 664 οἱ
923 608 1056 676 κινοῦντες
1068 606 1169 687 τὴνῄι,

160 706 213 793 qni
235 718 345 770 terram
362 717 490 784 movent,
516 703 549 769 id
570 705 624 784 est,
646 705 699 791 qui
720 718 828 767 terram
846 703 961 766 moveri
969 700 1166 788 stemate&

161 830 226 893 quo
243 830 327 872 nunc
342 806 471 894 quidem
492 806 564 871 satis
585 807 621 870 srt
641 805 777 870 laudall'e
802 805 841 869 Is.
864 804 1002 869 casaub.
1023 804 1065 870 ad
1082 804 1162 870 llaec·

161 907 276 993 phrasti
292 908 390 971 Char.
405 908 501 975 VIII.
522 921 556 973 ct
572 908 610 974 T.
624 906 894 971 Hemsterhusrum
908 904 951 969 ad
964 904 1081 971 Thom.
1093 906 1157 991 bbg.

155 1029 194 1093 ·p.
213 1008 283 1089 187.
306 1008 451 1072 laudatos
473 1011 552 1074 item
573 1008 711 1073 Krebfio.
755 1010 840 1072 Nam
854 1006 949 1094 plura
960 1006 1016 1093 ipsr
1029 1006 1156 1071 adlocuti

161 1109 264 1196 magis
278 1124 495 1196 opportunum
512 1110 714 1175 reservamus.

154 1256 158 1263 -
206 1230 256 1297 19.
273 1213 311 1275 E.
346 1215 406 1286 ταῖς
427 1212 524 1291 πάλαι
544 1212 594 1293 μὲν
615 1212 759 1287 ὑπονοίαις,
780 1208 964 1298 ἀλληγορίαις
989 1208 1017 1273 li
1036 1216 1076 1272 nir
1096 1220 1155 1292 lept-

161 1309 266 1395 μᾶναις,
280 1309 565 1398 παςαὲιαζὸμενομ]
591 1314 711 1376 Sanum
727 1310 913 1397 rediumque
929 1308 1085 1374 Plutarchi
1091 1306 1154 1396 juli·

163 1413 250 1478 cium
264 1412 294 1475 in
311 1426 476 1498 poetarum
491 1412 752 1498 interpretatione
765 1433 862 1476 unam
874 1410 1112 1475 Grammatiotm
1120 1429 1154 1491 tt·

161 1515 284 1580 tionem
313 1517 482 1603 sequentis,
510 1516 694 1603 allegoriam
728 1510 938 1600 repudiantis,
965 1511 1156 1578 decumbe

162 1621 256 1706 supra
269 1620 300 1685 iu
316 1620 446 1686 exordio
456 1618 773 1686 ·Auimadvetsronum
788 1616 828 1681 ad
843 1616 933 1681 bunc
947 1614 1073 1682 librum.
1093 1610 1157 1679 Att-

151 1720 250 1806 ιεονὶα
271 1720 436 1786 dicebatur
456 1722 636 1786 rhetoribus
651 1720 752 1806 figura
766 1715 917 1796 oratoria,
931 1736 1025 1805 qrmm
1032 1716 1160 1802 fluam

159 1821 262 1909 plures
282 1823 426 1884 continua
447 1820 638 1900 tralationes;
663 1840 857 1906 quamquam
882 1818 1048 1899 vocabulo,
1069 1816 1157 1883 nebit

164 1921 293 2005 quidern
316 1920 553 2006 significatione,
578 1923 652 1985 usus
672 1920 797 1984 videtur
818 1916 1017 2000 Aristoteles,
1039 1934 1074 1985 ut
1092 1914 1157 1983 oolll·

166 2019 255 2105 gitur
272 2043 290 2084 e
305 2020 460 2085 Cicerone
475 2023 600 2087 Orator.
618 2038 676 2103 27:
701 2021 814 2106 saepius
827 2016 974 2085 nominat
985 2017 1158 2110 erinttliu

163 2119 237 2181 lnst.
261 2120 318 2184 Or.
334 2119 429 2183 VIII.
443 2122 484 2184 6:
507 2122 613 2205 postca
624 2119 665 2184 de
682 2120 946 2205 interpretatione
966 2120 1023 2187 illu
1041 2124 1157 2208 t'reqru

164 2221 223 2285 tari
242 2220 351 2307 coepit,
366 2244 429 2309 qua
448 2237 614 2309 poetarum
629 2222 743 2288 lubulae
761 2223 801 2286 ad
821 2238 944 2289 naturae
963 2222 1108 2291 rationem
1122 2240 1159 2287 tt·

163 2336 334 2389 vocantur:
362 2346 463 2411 quum
481 2325 571 2412 apud
594 2325 741 2412 antiquos
767 2325 822 2389 ista
849 2326 1077 2414 interpretatio,
1101 2324 1160 2390 tore

162 2427 260 2491 etiarn
288 2427 391 2514 figura
418 2428 472 2493 illa
493 2428 639 2508 oratoria,
665 2427 772 2491 ὑπόνοια
801 2427 973 2494 diceretur.
1011 2428 1159 2513 Utrunque

164 2543 252 2594 certe
274 2544 309 2594 et
332 2530 521 2595 vocabulum
542 2546 576 2594 et
602 2530 724 2594 sensum
738 2528 916 2615 'conjunxit
940 2522 1160 2596 Demetrius&

165 2631 356 2696 Elocutione
379 2631 410 2711 ξ.
426 2651 585 2716 99—102,
603 2632 736 2695 Veteres
758 2629 822 2709 ille,
844 2643 882 2694 ut
903 2630 1054 2697 credibile
1068 2624 1162 2711 ellit·

165 2747 281 2795 cutus:
309 2730 424 2815 quibus
446 2730 524 2794 locis
545 2732 773 2816 cognoscendis
794 2730 984 2796 adhibeatur
1007 2737 1042 2798 P.
1059 2722 1163 2797 isidorii

165 2831 422 2894 Commentarius
443 2852 477 2916 p.
492 2846 630 2918 95-97.
649 2832 683 2896 et
698 2852 770 2897 221.
806 2833 857 2897 Dc
882 2854 960 2898 roee
983 2835 1086 2899 ὑπόνοια
1101 2840 1163 2897 unffi

163 2931 257 2993 instar
279 2931 423 2994 omnium
449 2933 631 2998 consulatur
655 2932 865 2998 Rulrnltenius
890 2936 994 3000 noster
1016 2936 1055 3000 ad
1075 2922 1162 3000 Tuci

164 3033 243 3095 Lex.
260 3031 340 3095 Plat.
356 3053 389 3117 p.
403 3052 475 3097 200.

210 3155 259 3221 19.
271 3138 305 3199 F.
326 3135 718 3226 μοιχευομένην-Ἀφροδίτην
731 3137 780 3202 inti
789 3136 906 3226 Ἄρειος]
934 3138 999 3205 Od.
1013 3144 1054 3207 Θ.
1068 3140 1161 3222 λόῗιῑῐ

164 3238 229 3325 seq.

143 3378 153 3393 r
211 3361 259 3427 19.
275 3344 310 3405 F.
333 3343 377 3405 tir
396 3342 423 3404 l}
441 3348 489 3419 τῆς
502 3340 598 3428 Ἧςας
618 3344 817 3423 καλλωοιομόν
839 3343 880 3404 inl
899 3345 946 3406 τὸν
959 3343 1073 3431 dla-]
1096 3330 1161 3407 llinis

164 3445 203 3508 Ξ.
221 3462 293 3523 214.

206 3566 240 3629 p.
257 3565 309 3610 20.
325 3546 367 3609 A,
392 3545 681 3632 γυναικοκρασίαν-υ]
709 3546 760 3610 De
781 3544 877 3632 hujus
898 3548 1057 3627 vocabuli,
1076 3558 1162 3634 quw·

164 3667 261 3731 quam
284 3646 315 3708 in
340 3647 496 3729 prioribus
517 3647 640 3711 lexicis
655 3646 785 3732 proditI,
798 3646 1117 3715 authoritate-dubitat
1131 3638 1163 3705 ll·

163 3745 344 3830 Stephanus
363 3746 456 3808 Thes.
471 3749 510 3809 L.
526 3749 583 3810 Gr.
597 3749 636 3810 T.
650 3751 708 3813 IV.
725 3748 826 3813 Indic.
847 3771 879 3835 p.
896 3766 971 3832 700.
993 3750 1088 3815 credo
1100 3732 1162 3835 (Μ

164 3849 227 3912 line
244 3844 386 3931 apposito
399 3844 547 3930 exemplo
568 3847 765 3931 proderetur.
809 3850 909 3936 Atqui
922 3864 958 3915 et
971 3851 1035 3917 hoc
1048 3852 1114 3917 loeo
1122 3844 1162 3908 Β·

163 3950 220 4014 bet
241 3962 383 4011 veterum
402 3943 551 4010 codicum
573 3947 807 4027 auctoritatem,
830 3964 864 4013 et
880 3950 1008 4017 duobus
1026 3951 1093 4017 eliis
1108 3936 1163 4013 bt't

162 4051 206 4113 est
219 4049 305 4135 apud
322 4046 543 4111 Plutarchum:
567 4046 599 4112 in
617 4049 718 4137 Agid.
735 4065 768 4113 et
787 4051 913 4117 Cleom.
933 4072 968 4139 p.
983 4055 1057 4119 820.
1066 4054 1116 4119 ·D:
1130 4042 1163 4113 tit

162 4151 190 4213 li
204 4149 349 4228 βασιλέας
364 4152 441 4223 εὐθὺς
453 4149 489 4222 εἰς
504 4154 617 4229 πολλὴν
635 4151 786 4236 ἀσίλγιιοιν
807 4152 853 4233 καὶ
871 4155 1021 4242 παροινίαν
1033 4155 1079 4235 οιαὶ
1088 4164 1164 4240 yffi·

162 4250 316 4335 αοιιςασῖαν
330 4250 496 4331 ἐμπιοέοης,
515 4256 640 4332 ἠμελεῖτο
662 4251 707 4333 καὶ
725 4258 763 4317 τοὶ
781 4259 821 4329 τῦ,
841 4256 1011 4339 Κλεομένος.
1041 4242 1165 4325 ·Antmlo

362 4572 422 4584 -ι
