2684 5258
329 735 632 799 DEAUDIENDIS
654 737 800 798 POETlS.
819 756 849 816 p.
862 745 910 800 14.
923 740 963 799 D.
1104 745 1159 807 162

135 899 307 966 solutiones
320 897 376 965 ubi
394 920 459 965 non
478 901 611 985 praebet,
631 915 726 966 erunt
746 900 808 968 loci
829 899 882 967 alii
904 901 1069 967 contraria
1089 903 1160 969 sen-

135 1005 239 1071 eariae
250 1026 261 1084 ς
287 1002 324 1067 hi
344 1016 551 1089 opponantur
568 1003 718 1069 'deteriori
740 1004 927 1070 sententie:
951 1006 971 1068 st
994 1004 1073 1069 nulli
1089 1004 1161 1071 sunt

135 1104 280 1171 contrarii
302 1103 367 1169 loci
388 1103 421 1167 in
440 1102 506 1188 ipso
527 1105 636 1182 Poeta,
654 1105 818 1169 sumantur
831 1128 870 1177 ex
882 1105 1083 1186 ellinpoetis,
1097 1106 1159 1171 ho-

135 1228 264 1293 rumque
279 1205 414 1271 sanitate
427 1205 512 1270 illius
526 1205 661 1292 pravitas
675 1207 871 1271 confutetur.

173 1310 216 1373 V.
246 1307 346 1396 Quod
373 1307 533 1373 monitum
557 1309 600 1371 est
627 1308 709 1393 Csp.
734 1309 793 1372 1v.
820 1309 943 1396 adjecta
965 1308 1160 1395 cognomina

139 1430 198 1473 non
218 1410 289 1475 sunt
311 1407 521 1495 negligenda:
550 1407 647 1472 veluti
668 1409 700 1472 in
723 1409 796 1487 hoc,
823 1414 867 1484 Ως
888 1414 946 1497 γὰρ
966 1410 1158 1474 ἐπεκλώσαντο

141 1511 193 1572 -inl
204 1512 306 1574 lumin
321 1513 459 1596 βροτοῖσι,
479 1509 561 1573 Ζῶαν
578 1510 747 1595 ἂχνυμένως·
773 1533 847 1575 cum
866 1512 987 1576 ratione
1000 1511 1090 1577 addit
1102 1516 1157 1577 δα-

144 1614 219 1689 uiro,
233 1612 352 1698 miseris.
389 1612 442 1675 Est
456 1610 542 1675 enim
555 1610 625 1675 haec
640 1611 703 1675 sors
723 1634 786 1676 non
809 1612 953 1676 omnium
976 1612 1155 1697 hominum,

147 1709 188 1774 sed
201 1712 376 1799 mr'jirorum,
392 1710 426 1774 id
438 1712 494 1789 est,
509 1710 700 1797 irfipientium
713 1725 746 1775 et
755 1711 928 1798 stultorum.

179 1812 231 1877 Vl.
258 1813 363 1899 Igitur
383 1811 573 1877 observanda
594 1813 637 1875 est
657 1813 813 1875 vorborum
830 1815 1011 1899 coryuctudo,
1026 1836 1091 1878 non
1105 1815 1155 1879 so·

149 1909 202 1987 lum
222 1936 258 1978 ea
281 1936 355 2001 que
374 1909 514 2000 pertinet
534 1913 575 1977 ad
593 1915 836 1999 grammaticam
858 1914 1025 1990 rationem,
1047 1927 1157 1979 utrum

151 2030 229 2079 unam
254 2014 371 2083 habeat
395 2037 437 2079 an
464 2014 569 2101 plures
597 2017 727 2079 verbum
755 2015 922 2079 notiones:
955 2013 1050 2078 veluti
1074 2015 1155 2095 οἶκος,

149 2112 205 2196 βίος,
217 2115 316 2196 ἀλόω,
330 2116 447 2195 θοάζων,
462 2119 549 2179 αἰνεῖν·
573 2129 607 2180 ct
619 2114 744 2201 glossas,
760 2138 831 2200 quac
850 2114 1012 2193 dicuntur,
1027 2128 1065 2179 ut
1077 2123 1155 2202 ῥιγε-

152 2214 210 2294 lul,
230 2219 378 2300 καμμονίη,
399 2217 506 2281 osnes:
531 2215 582 2280 sed
603 2206 641 2280 ea
661 2217 693 2278 in
715 2216 822 2301 primis
837 2239 908 2301 quae
929 2215 1011 2279 valet
1023 2215 1064 2280 ad
1086 2239 1155 2282 rec-

150 2330 206 2383 uuu
230 2318 270 2383 de
292 2318 353 2383 diis
376 2332 408 2383 et
432 2306 547 2384 i·irtute
571 2317 743 2404 judicium.
787 2318 840 2383 Sic
867 2317 1000 2381 deorum
1026 2317 1157 2385 nomina

150 2414 220 2502 saepe
238 2416 321 2503 ipsos
338 2417 421 2498 deos,
445 2418 526 2504 saepe
545 2432 658 2482 notant
679 2418 758 2482 vires
777 2417 926 2503 quasdam
945 2435 1079 2499 natura,
1099 2433 1156 2484 aut

150 2514 283 2583 humana
301 2519 371 2585 vitre
393 2533 507 2607 partes,
531 2520 646 2605 quibus
669 2520 747 2583 certi
769 2520 814 2584 dii
834 2521 960 2606 praeelse
978 2536 1153 2607 putantur:

150 2616 293 2685 Vulcanus
311 2621 432 2707 ignem,
455 2623 543 2684 Mars
561 2620 696 2721 pallum,
717 2622 842 2707 Jupiter
863 2624 1036 2702 fortunam,
1060 2625 1153 2709 siqui·

150 2716 296 2787 damtune
308 2721 499 2787 vocabulum
512 2723 586 2808 τύχη
601 2723 743 2787 nondum
758 2739 824 2788 erat
838 2724 871 2789 in
886 2725 964 2789 usu:
989 2731 1082 2809 liful„
1098 2754 1153 2789 κα-

151 2823 200 2903 sla,
216 2827 352 2911 εὐδαίμωι,
368 2829 516 2914 μακάριος,
538 2851 602 2893 non
623 2828 662 2892 ad
682 2851 826 2892 normam
845 2850 864 2891 a
885 2828 1082 2911 Philosophia
1104 2830 1154 2893 in·

150 2924 281 3010 litutam,
303 2954 360 2996 nec
379 2932 506 3017 proprie
526 2931 659 3015 semper,
679 2928 731 2995 sed
754 2950 810 3013 per
833 2929 1034 2993 tralationem
1052 2928 1091 2991 dc
1105 2930 1154 2993 es-

150 3024 220 3095 leuis
240 3047 273 3097 et
294 3033 416 3099 evenus
440 3034 554 3098 harum
577 3031 766 3097 facultatum
787 3044 821 3096 et
842 3029 1045 3097 affeslionum
1063 3030 1153 3097 usur·

150 3145 254 3213 paritur.
405 3200 417 3223 ι

179 3234 246 3300 Vll.
273 3235 376 3303 Stoici
397 3237 545 3301 virtutem
566 3235 657 3319 supra
678 3235 855 3301 humanum
871 3232 1057 3300 extollentes
1076 3257 1153 3322 cap-

151 3343 211 3415 tum,
232 3337 264 3401 in
286 3362 325 3401 ea
347 3337 393 3402 nil
413 3337 488 3402 mali
510 3337 568 3401 esse
592 3335 778 3421 pradicant,
801 3335 832 3401 in
855 3335 975 3400 malitia
996 3337 1041 3400 nil
1065 3338 1153 3404 boni.

151 3430 233 3503 loetae
247 3461 303 3525 per
317 3439 422 3525 ipsum
437 3438 581 3503 imitandi
595 3437 735 3501 officium
750 3459 799 3504 res
813 3436 968 3502 humanas
982 3438 1083 3503 verius
1097 3462 1153 3505 ex-

148 3536 279 3621 primunt,
301 3543 387 3606 bona
400 3541 500 3604 mixta
522 3540 630 3603 malis:
655 3540 767 3604 heroas
789 3561 848 3604 nec
869 3540 984 3606 virtute
998 3532 1064 3606 ”nec
1086 3543 1152 3606 sor-

147 3650 207 3705 um
218 3643 328 3707 eadem
343 3655 500 3729 perpetuo
514 3656 640 3707 utentes
660 3641 799 3709 faciunt:
824 3642 901 3707 deos
914 3642 1005 3721 adeo,
1020 3643 1075 3707 ubi
1089 3642 1152 3705 hu·

146 3743 230 3809 manis
253 3745 460 3832 implicantur
487 3743 634 3829 negotiis,
663 3743 810 3807 hmnnnis
835 3743 913 3807 item
941 3743 1097 3807 erroribus
1120 3756 1154 3806 et

145 3842 290 3911 'ffefflbus
304 3845 476 3910 obnoxios:
499 3845 562 3908 hoo
579 3844 706 3930 quidem
722 3867 785 3909 non
801 3844 842 3907 ad
855 3844 1030 3921 veritatem,
1046 3842 1099 3906 scd
1117 3856 1155 3909 ut

145 3938 227 4010 Pano
239 3947 328 4010 suam
343 3944 492 4011 movendi
505 3945 757 4031 percellendique
768 3943 830 4008 vim
846 3944 963 4028 ubique
976 3943 1131 4011 obtineat.

181 4046 271 4113 Vlll.
300 4049 396 4113 Hanc
421 4048 502 4110 benc
531 4048 652 4110 secusve
679 4044 814 4111 lacicndi
838 4044 1098 4131 conjunslionem
1119 4047 1153 4115 in

140 4142 308 4213 Homericis
331 4148 481 4212 heroibus
507 4148 600 4211 inesse
623 4147 785 4228 videmus3
814 4171 854 4211 ne
879 4148 961 4212 forte
984 4149 1057 4217 'allos
1078 4172 1151 4237 per·

139 4244 226 4315 boos
247 4250 395 4314 homines
412 4264 445 4314 ct
464 4249 609 4334 exempla
621 4250 744 4313 virtutis
766 4250 929 4314 habendos
949 4264 1041 4336 putet
1057 4251 1152 4335 juve·

137 4346 188 4431 ἡ,
203 4351 322 4436 fibique
339 4351 460 4436 placeat
473 4365 506 4416 et
524 4351 705 4438 ingeniosus
720 4350 863 4416 videatur
878 4351 1153 4416 comminiscendis
1180 4408 1184 4418 .

135 4445 263 4516 maestis
286 4453 408 4531 csuffis,
431 4453 545 4538 quibus
569 4452 696 4516 illorum
721 4473 886 4539 perperam
907 4453 990 4516 ram
1012 4451 1151 4518 excuset.

135 4548 228 4615 Modo
242 4551 342 4629 κᾶε,
364 4553 459 4616 modo
477 4555 575 4631 secus,
592 4552 725 4630 faciunt,
743 4553 897 4631 Achilles,
912 4555 1151 4638 Agamemnon,

135 4651 275 4733 Plroenix,
288 4653 461 4739 Meleager,
476 4655 640 4733 Nauficaa,
652 4655 819 4741 Penelope,
836 4655 971 4741 ulysses.
1000 4655 1038 4721 In
1050 4656 1151 4744 Trag-

611 4776 638 4821 Μ
656 4774 674 4823 2
767 4774 772 4783 '
