2684 5258
493 1271 636 1352 nw.

219 1440 897 1589 nutunnvunsmuns

429 1742 483 1801 IN
508 1741 692 1800 LIBRUM

272 1972 393 2048 ΠΕΡΙ
414 1970 621 2047 ΠΑΙΔΩΝ
643 1962 857 2055 Arum

177 2241 245 2314 DE
269 2238 569 2314 PUERORUM
594 2231 949 2315 EDUCATIONE.

421 2512 716 2571 ff*-

413 2730 717 2810 DISPUTAT10‚

93 2875 153 2961 Qua
166 2873 331 2960 ostenditur,
344 2878 517 2967 scriptorem
530 2881 618 2965 hujus
634 2877 706 2943 libri
722 2900 779 2943 nun
793 2877 846 2962 effi
860 2874 1057 2941 Plutarchum

458 2995 686 3082 Charonerfim.

65 3140 214 3254 HUNC
236 3189 316 3254 mihi
336 3190 479 3257 libellum
501 3216 565 3258 non
586 3216 606 3257 a
626 3193 794 3258 Plutarcho
807 3190 957 3277 scriptum
970 3188 1077 3271 videri,

58 3303 91 3353 >et
103 3303 198 3355 antea
213 3291 294 3377 saepe
309 3291 486 3379 significavi,
502 3307 535 3360 et
554 3317 640 3359 nunc
655 3293 837 3382 diligentius
852 3292 1080 3362 ostendendum

62 3393 110 3458 est.
154 3392 314 3479 Equidem
336 3417 401 3458 non
423 3395 536 3461 dubito
557 3396 624 3460 fore
645 3395 827 3474 nonnuilos‚
845 3395 900 3481 qui
921 3395 951 3459 se
973 3394 1081 3459 faciles

57 3495 232 3579 -praebeunt,
254 3493 397 3581 mihique
413 3496 461 3560 vel
481 3496 583 3560 nullas
603 3496 745 3562 afferenti
764 3495 901 3560 rationes
913 3495 1080 3561 assentian-

63 3606 123 3673 tur,
139 3607 177 3657 ut
189 3593 340 3658 nimirum
359 3594 393 3658 in
416 3595 675 3662 Plutarcheorum
694 3596 846 3661 librorum
859 3594 995 3660 ledtione
1009 3594 1082 3657 satie

64 3693 180 3756 versato
200 3693 241 3758 ed
262 3716 366 3758 veram
387 3718 635 3782 germanamque
654 3719 764 3761 eorum
783 3696 919 3759 formam
933 3716 970 3760 ac
984 3693 1082 3778 scrip·

62 3791 183 3857 tionem
195 3814 216 3856 a
228 3793 416 3880 suppofititia
429 3794 687 3881 dignoscendam.
731 3794 794 3860 Sed
816 3792 902 3857 idem
922 3814 985 3876 ego
1005 3790 1084 3856 ulioe

63 3892 128 3957 fore
144 3891 302 3979 pmvideo
320 3915 387 3958 non
406 3895 483 3962 item
504 3895 623 3975 faciles,
638 3895 693 3980 qui
707 3894 843 3958 rationes
857 3891 910 3956 fibi
923 3889 1013 3956 reddi
1027 3912 1082 3957 ex·

63 3993 233 4080 plicasique
254 3993 424 4081 poindent,
447 3995 532 4060 unde
552 3996 605 4081 ipfi
621 3993 769 4080 judicent
788 3992 1024 4080 probandamne,
1042 4016 1085 4059 an

65 4091 304 4180 impmbandam
315 4116 420 4158 meam
434 4094 622 4161 sententiam
636 4106 762 4181 putent.
805 4097 877 4180 Ego
898 4118 971 4159 vero
991 4093 1085 4158 utris-

65 4215 122 4278 que
136 4192 302 4258 consuere
314 4192 419 4274 velim,
434 4207 467 4258 et
481 4194 596 4258 horum
611 4194 776 4274 severitati,
795 4209 829 4258 et
842 4194 969 4260 illorum
983 4190 1085 4256 facili-

58 4295 130 4364 tati.
176 4293 317 4381 Utrique
340 4293 439 4381 igitur
463 4295 619 4381 cogitent,
645 4295 679 4360 in
702 4308 771 4360 tota
796 4295 915 4359 Critica
936 4292 1001 4356 duo
1026 4290 1088 4355 effe

65 4395 177 4481 quibus
190 4417 289 4460 omne
304 4393 464 4480 judicium
484 4407 626 4481 regatur,
639 4396 795 4462 rationem
808 4407 841 4458 et
855 4391 1088 4458 annositatem.

69 4495 184 4560 Faciles
204 4496 318 4560 hortor
337 4517 379 4560 ne
398 4495 579 4561 auetoriteti
596 4495 730 4562 nimium
750 4495 902 4574 tribuant,
924 4514 1026 4580 neque
1039 4492 1090 4566 vel

69 4598 143 4664 mihi
157 4598 210 4667 vel
223 4598 372 4687 cuiquam
385 4597 440 4669 alii
452 4597 629 4688 impliciter
642 4598 810 4673 affirmanti
823 4596 964 4668 credant.
993 4595 1088 4683 Diffi<
