2684 5258
171 339 212 397 60
256 336 464 396 ANIMADV.
480 336 526 395 IN
540 337 613 394 LIB.
627 336 681 394 DE
695 335 868 396 EDUCAT.
884 336 1116 398 PUERORUM.

170 499 229 579 tio,
245 522 303 564 nec
319 498 511 578 distributim
536 497 580 562 nil
594 498 634 562 de
648 498 824 563 Dialestica
838 512 871 563 ct
887 499 1035 586 Phyfica:
1065 494 1186 564 Mortalis

168 620 242 684 pars
264 598 409 662 laudatur
430 596 597 674 rhetorice,
619 597 697 661 locis
722 597 958 676 communibus,
987 597 1077 662 nulla
1100 616 1183 683 argu·

171 700 272 762 menti
285 698 505 782 explicatione,
520 696 685 762 disserendi
699 697 819 761 ratione
834 697 931 760 nulla.

214 802 247 863 P.
263 802 292 861 8.
308 799 353 860 B:
377 796 474 870 Οῖτως
488 798 680 861 ἐπολιτεύσατο
696 803 844 883 Περικλῆς,
860 795 928 870 ι’ίτως
945 797 1094 884 Ἀςχῦτας
1107 802 1120 860 ὂ
1132 801 1187 860 Ta·

169 902 297 984 ςαντῖνος,
311 894 393 970 οιῖτως
408 897 479 959 Δίων
498 903 511 958 ό
531 895 715 982 Συρακιίσιος,
740 895 808 970 ι’ίτως
825 896 1032 976 Ἐπαμινώνδας
1047 903 1060 958 ὁ
1075 893 1188 974 &asaias

169 1015 275 1063 κ.τ.λ.
320 1002 401 1064 Haec
415 1002 458 1063 est
474 1001 575 1064 oratio
590 999 827 1079 rhetorissantis,
843 1021 909 1064 non
930 998 1190 1087 philosophantis,

167 1124 227 1164 nce
242 1114 327 1164 certe
344 1101 514 1164 Plutarchi.

212 1205 245 1267 P.
262 1221 311 1286 13.
327 1204 378 1266 At
400 1207 463 1276 Τοῖς
477 1204 564 1265 παισί
578 1208 632 1275 τοῖς
646 1202 772 1276 πλιισίοις
787 1207 809 1263 οῖ
822 1201 935 1288 πατέρες
953 1202 1038 1283 νήφειν
1052 1207 1194 1288 uagata&-

166 1310 266 1382 σιν,ὀῖ
288 1305 314 1366 δὲ
338 1305 454 1383 μεθύειν·
478 1311 628 1389 σωφρονεῖν,
651 1310 674 1366 οῖ
696 1304 722 1366 δὲ
744 1303 926 1386 ἀσελγαίνων·
952 1304 1105 1385 φυλοῖιῖειν,
1128 1303 1197 1365 οἱδὶ

112 1422 114 1430 “
166 1409 296 1490 ὃαπανᾴν·
321 1411 467 1491 φιλεργεῖν,
483 1406 546 1467 οἶδὲ
560 1411 697 1489 ῥᾳθυμεῖν·
723 1420 833 1467 κ.τ.λ.
866 1405 926 1468 Hae
943 1404 1016 1467 sunt
1029 1403 1200 1468 antitheses

166 1520 293 1593 patrum
312 1519 345 1570 et
362 1505 576 1572 adulatorum.
614 1509 799 1592 Sequuntur
813 1503 924 1568 cadem
939 1504 1070 1590 pagina,
1086 1505 1126 1584 E,
1141 1527 1199 1590 pa·

165 1624 252 1675 trum
275 1612 379 1675 secum
402 1612 472 1696 ipsrs
493 1611 664 1675 antitheses
685 1609 774 1673 variis
797 1609 993 1695 temporibus
1014 1609 1099 1673 vau'e
1120 1609 1200 1674 tilios

166 1712 508 1796 &astantium—{peirn
530 1716 606 1792 ποτὶ,
633 1717 713 1776 ἀλλὰ
736 1711 782 1791 καί
799 1714 968 1799 χορήγησον·
1000 1710 1200 1795 ίςγανοῖκτησαῖς

163 1841 240 1892 ποτε,
262 1821 341 1878 ἀλλὰ
363 1815 408 1892 καί
430 1816 575 1898 σίγίνωθι·
600 1813 750 1892 {fiandans}
773 1840 846 1878 σιοτε
869 1816 899 1875 δι’
922 1811 1027 1892 οίκίτιι,
1047 1817 1096 1890 τὴν
1117 1815 1200 1900 ὀργὴν

164 1917 288 1998 κατεῖχε·
313 1919 342 1991 ἐξ
363 1920 440 2001 &typri
460 1940 525 1978 ποτε
547 1923 638 1999 ζεῦγος
659 1915 795 1999 ἀφείλετο,
817 1913 887 1992 ἦλθέ
906 1940 972 1977 ποτε
987 1917 1091 1999 χθιζῆς
1112 1913 1200 1995 posim

165 2015 313 2094 ἀποπνέων,
328 2015 470 2098 ἀγνόησον·
492 2017 583 2101 μιῖςων
596 2015 712 2096 ἀπόζων,
727 2017 852 2099 σίγησον·
878 2014 933 2078 ἕπον
948 2025 1092 2102 σκιρτῶσα
1111 2015 1201 2093 νιίτης

108 2106 111 2113 ’
163 2120 387 2196 πωλοδαμνεῖται.
432 2118 514 2181 Haec
540 2115 793 2180 admonitionum
818 2117 953 2182 brevitas
977 2117 1029 2182 cui
1052 2115 1203 2181 rideatur

162 2216 274 2296 Stoici,
290 2215 426 2279 maxime
440 2215 606 2303 Epistetei,
621 2217 819 2295 charasteriS,
836 2219 912 2281 esse:
937 2217 1010 2280 sane
1024 2217 1043 2280 fi
1058 2216 1201 2282 brevitas

162 2317 275 2403 sponte
298 2330 372 2381 nata
392 2331 575 2403 appareret:
601 2341 686 2381 nunc
707 2317 760 2381 illa
773 2318 932 2382 curiositas
953 2319 983 2381 in
1004 2317 1149 2405 paritatis
1164 2335 1202 2383 et

162 2420 273 2506 figurae
288 2419 528 2483 continuatione
545 2419 686 2505 quemvis
710 2420 816 2506 potius
839 2419 1011 2499 rhetorem,
1027 2442 1123 2506 quant
1140 2434 1201 2485 aut

163 2520 400 2607 philosophum,
414 2533 470 2584 aut
484 2521 616 2585 omnino
634 2521 839 2584 Plutarchum
855 2519 971 2606 prodit.

205 2623 292 2709 Quid
316 2622 415 2708 igitur
440 2622 584 2687 dicamus
606 2621 645 2684 de
669 2623 857 2706 Heusingeri
880 2622 1042 2708 opinione,
1064 2637 1201 2708 propter

162 2720 245 2783 hanc
257 2720 410 2783 orationis
423 2719 608 2783 brevitatem
624 2719 710 2783 hunc
729 2719 870 2783 libellum
894 2744 913 2782 a
936 2720 1108 2785 Plutarcho
1124 2721 1198 2808 jam

160 2819 281 2883 seniore
302 2820 452 2904 scriptum
477 2819 654 2883 censentis?
688 2820 775 2906 Quid
794 2821 891 2898 aliud,
912 2821 966 2885 nist
985 2820 1198 2891 adolescentis

161 2919 250 2983 fuisse
265 2919 349 2983 istam
363 2919 547 3005 opinionem
562 2920 651 2984 nullo
672 2921 777 2986 adhuc
799 2923 856 2986 usit
879 2923 1074 2988 Plutarchcae
1094 2923 1196 3012 scrip-

159 3017 256 3082 tionis
280 3018 410 3082 subabti.
453 3019 607 3084 Hoeeeine
633 3020 729 3084 luerit
757 3020 915 3086 Plutarchi
942 3022 1097 3100 senetlus,
1126 3037 1193 3095 tam

152 3117 276 3183 >diversa
290 3118 368 3198 stilo,
385 3132 451 3183 tam
466 3142 570 3183 rerum
585 3120 701 3207 inops?
728 3124 769 3185 Et
789 3120 1007 3187 adolescentiae
1028 3137 1061 3186 ct
1081 3123 1193 3188 senee-

159 3221 222 3286 tuti
244 3222 310 3306 ipsa
331 3237 443 3286 natura
462 3234 495 3286 et
514 3237 590 3285 aetas
605 3222 708 3286 adfert
723 3223 965 3288 redundantiam
979 3249 987 3287 t
1010 3223 1057 3287 illi
1072 3224 1105 3288 in
1121 3250 1193 3291 rer-

157 3324 218 3404 bis,
239 3322 359 3411 figuris,
384 3338 417 3387 et
439 3323 664 3388 sententiarum
684 3324 877 3389 luminibus:
901 3325 975 3389 huie
995 3325 1026 3388 in
1043 3349 1193 3393 comme·

157 3428 336 3493 moratione
350 3450 456 3492 rerum
471 3425 790 3514 admonitionumque
805 3429 854 3492 vel
874 3428 1060 3492 adoerinae
1075 3431 1190 3517 copiis,

157 3528 207 3591 vel
219 3529 259 3592 ab
274 3529 475 3614 experientiae
490 3527 705 3594 observatione
722 3529 911 3595 oblatarum.
955 3529 1128 3596 Rhetorica
1142 3533 1192 3595 ω’-

156 3628 274 3692 dentur
291 3652 311 3691 a
326 3630 444 3723 juvene
468 3631 638 3695 Plutarcho
660 3629 811 3695 trattata:
835 3629 992 3717 juveniles
1014 3631 1092 3695 item
1116 3634 1190 3701 sunt

146 3728 340 3816 'scriptiones
362 3728 522 3814 Corfilotio
543 3732 587 3792 od
604 3729 807 3816 Apollonium,
829 3746 861 3794 et
883 3732 1071 3817 Reprehenfio
1088 3732 1188 3798 Hero-

157 3832 239 3895 doti.-
261 3828 377 3906 senilis,
400 3852 440 3893 ne
462 3829 537 3893 alias
559 3830 675 3911 dicam,
690 3833 743 3895 Aa
754 3831 823 3919 serti
839 3833 972 3917 gerenda
984 3833 1031 3917 stt
1048 3833 1134 3922 Hesp.
1154 3837 1187 3901 itt

156 3936 296 4021 utrisque
318 3949 424 3997 tamen
449 3932 652 3999 Plutarchum
668 3937 831 4021 agnoscas,
853 3959 926 3999 curn
950 3938 1018 4004 aliis
1039 3938 1071 4001 in
1086 3942 1185 4024 parti·

155 4038 227 4114 bus,
254 4052 323 4100 turn
351 4036 384 4099 in
411 4033 633 4099 redundantia.
678 4037 815 4100 Platonis
842 4037 938 4102 libros
966 4041 1015 4119 De
1040 4041 1192 4128 Legibus,-

157 4139 301 4203 lsocratis
321 4139 589 4217 Panothenaicam,
612 4139 736 4203 Libanii
759 4142 933 4205 orationem
956 4144 1005 4206 De
1023 4145 1092 4207 Vita
1109 4146 1183 4224 Sua,

155 4252 194 4303 ut
208 4229 371 4304 Ciceronis
383 4237 581 4327 aliorumque
597 4239 710 4330 scripta
726 4263 766 4307 ne
785 4264 978 4309 memorem:
1003 4245 1064 4311 hos
1086 4246 1183 4334 igitur
