2684 5258
188 706 608 770 munornuunmnm
621 702 953 787 nemounspm.
1028 688 1086 811 ate

135 898 154 934 α
172 871 313 959 τρίπιθοη
330 873 403 959 πρὸς
415 872 514 950 ἀλκήν.
552 874 589 937 In
612 871 766 962 mysteriis
787 871 947 960 ignoratio
968 870 1087 941 caulla-

153 973 234 1039 facit
255 970 385 1054 θάμὲοςι
418 973 574 1038 Cicerone
601 995 635 1059 p.
654 976 728 1057 871.
748 973 803 1039 D:
837 974 891 1038 De
916 971 1090 1045 Sentiondo

135 1074 207 1141 retu
224 1075 310 1139 Vnt.
332 1096 364 1160 p.
379 1075 432 1139 81.
448 1077 492 1139 E:
516 1088 550 1139 et
569 1074 700 1140 subinde
722 1075 824 1141 utitur
838 1072 1087 1153 vocabulo,³vi-

135 1198 161 1240 n
176 1197 211 1262 p.
226 1195 302 1259 414.
315 1177 361 1241 D.
387 1175 463 1256 462.
478 1176 523 1240 A.
549 1192 625 1261 532.
641 1176 679 1239 E.
701 1175 776 1259 580.
792 1177 827 1240 F.
856 1190 931 1260 710.
946 1174 990 1239 A.
1014 1190 1088 1260 723.

135 1280 199 1357 524.
215 1278 260 1342 D.
284 1291 357 1360 754.
372 1275 411 1338 B.
436 1276 509 1360 898.
525 1276 565 1341 C.
588 1295 662 1362 991.
676 1277 720 1340 A.
765 1275 828 1341 Sed
851 1289 886 1340 et
908 1275 1090 1341 Democriti

135 1393 191 1444 iret
211 1377 395 1455 auotoritas,
411 1376 466 1462 qui
480 1376 640 1443 summum
653 1377 868 1444 bonum-lecit
880 1375 1033 1460 ἄθηῶἕην,
1051 1392 1090 1443 ut

135 1494 157 1546 t
174 1479 327 1544 Clemens
341 1476 513 1543 Alexandr.
535 1479 656 1545 Strom.
672 1480 716 1543 ll.
736 1500 768 1567 p.
781 1494 859 1563 417.
874 1479 913 1544 B.
938 1493 972 1545 et
994 1477 1090 1566 ipfiun

135 1602 181 1645 rm
202 1581 299 1644 exstat
319 1602 372 1666 ap.
394 1581 559 1645 Stobaeum
581 1583 683 1646 Senn.
700 1581 763 1645 111.
786 1602 820 1666 p.
834 1581 889 1666 38.
903 1593 938 1645 et
952 1582 998 1646 Η.
1011 1583 1087 1648 ste-

135 1704 202 1747 rum
225 1682 310 1747 Poefi
333 1681 448 1748 Philos.
470 1703 504 1767 p.
521 1683 602 1750 162:
625 1680 712 1765 Σφὲη
735 1679 863 1763 {laedes
879 1680 942 1760 ἀξίη
960 1682 1090 1762 πάντων,

135 1783 210 1860 mim
231 1782 301 1870 γάρ.
339 1783 435 1847 Porro
455 1785 487 1845 τὸ
506 1784 557 1864 μὲν
572 1785 603 1860 ἓξ
620 1781 876 1869 &rogim—Qu
896 1782 1089 1848 mutandum

135 1883 215 1964 ipio
237 1880 513 1968 ἀπειρίας-ἐξαιρεῖ.
550 1881 636 1946 Illud
660 1882 825 1968 proprium
846 1881 908 1947 effe
930 1881 1040 1947 bacin
1054 1904 1090 1948 re

135 1983 193 2048 rdit
215 2005 290 2049 cum
310 1983 401 2049 locus
423 1982 477 2046 ille
503 1982 579 2048 huie
603 1982 765 2069 geminus,
788 1982 888 2048 modo
911 1982 1027 2048 allatus
1050 2002 1090 2050 ex

135 2107 142 2149 t
160 2083 285 2149 Periclis
306 2105 340 2169 p.
359 2102 431 2168 154.
449 2085 487 2147 E.
511 2095 582 2148 tum
603 2105 653 2148 ree
674 2082 739 2168 ipsa
756 2082 875 2149 evincit
891 2080 1001 2166 θάμὸος
1013 2082 1091 2149 oriri

143 2185 219 2251 adeo
232 2189 263 2263 ἐξ
274 2186 399 2271 ἀπορίας,
415 2184 609 2264 dubitatione,
624 2206 720 2270 quam
734 2187 764 2262 ἐξ
776 2184 909 2271 ἁπρίας,
923 2186 1089 2272 imperuim

135 2287 196 2373 'une
218 2286 381 2352 Plutarchi
402 2285 599 2351 cousuetudo
621 2285 743 2372 ἀπειρίαν
763 2298 797 2351 et
815 2286 929 2372 ἄγνοιαν
950 2287 1088 2376 conjun-

135 2389 253 2454 esoliti:
277 2387 362 2454 Adv.
377 2388 506 2474 Epicur.
522 2409 556 2473 p.
570 2408 663 2474 1094.
681 2388 709 2453 C
723 2413 731 2453 r
756 2388 919 2472 ἆμελέμενα
931 2392 962 2453 δι’
976 2387 1092 2476 ἄγνοιαν

135 2491 238 2578 rupim.
271 2490 324 2556 De
342 2491 465 2554 Muslca
483 2511 519 2575 p.
536 2489 629 2575 1038.
645 2490 694 2555 C:
718 2491 843 2555 Πλάτων
858 2488 907 2555 ἔτι
918 2491 1019 2578 ἂγνοῖᾳ
1040 2491 1089 2556 ln

135 2591 169 2678 rip
185 2599 223 2657 τὰ
244 2593 324 2657 ἄλλα
345 2592 542 2679 παρῃτήσατο.
586 2592 711 2656 Catone
731 2592 817 2658 Min.
839 2615 872 2680 p.
887 2595 961 2676 766.
983 2595 1023 2659 B.
1048 2594 1089 2659 de

135 2694 169 2760 lii
192 2696 306 2774 aeratii,
328 2693 387 2769 νέες
411 2693 550 2781 ἄρχοντας
573 2692 844 2781 παραλαμὲἶινοπις
869 2698 902 2758 δι’
924 2696 1089 2784 direpiam}

135 2821 175 2860 tar
185 2802 309 2883 ἀτεχνῶς
324 2795 497 2859 διδασκάλων
512 2795 607 2882 erigor
620 2796 642 2880 ᾖ
656 2796 852 2878 παιδαγωγῶν
865 2793 999 2876 δεομὸνυς.
1022 2800 1088 2861 Ar·

135 2918 186 2962 rxe
206 2919 240 2983 p.
259 2916 351 2982 1025.
367 2899 407 2960 F:
431 2898 462 2958 δι’
482 2895 604 2981 ἀπειρίαν
624 2903 678 2961 τῶν
699 2902 793 2958 καλῶν
813 2895 835 2980 'i
855 2892 981 2979 alpem
1015 2897 1091 2960 Jaru

135 2998 184 3064 rita
205 3013 238 3064 et
260 2997 498 3063 innumerabilis
519 2998 562 3061 est
582 2996 722 3061 confufio
736 2997 902 3060 verborum
924 2997 1037 3084 realem
1055 3010 1090 3063 et

135 3106 183 3184 pie,
205 3123 301 3188 quam
324 3099 491 3185 attigimus
515 3099 556 3162 ad
579 3101 806 3183 Fragmentum
827 3096 987 3184 adjetlum
1008 3098 1094 3164 libro

139 3204 211 3268 Sera
228 3205 330 3268 Num.
343 3200 443 3266 Vind.
466 3220 588 3296 P·,140·
610 3213 645 3264 et
666 3199 805 3285 Epistola
826 3198 906 3264 Crit.
931 3222 966 3287 p.
984 3218 1034 3265 10.
1056 3215 1092 3267 et

149 3301 219 3369 loco
240 3304 274 3367 in
296 3303 347 3367 his
368 3299 699 3366 Animadverliouibus
720 3300 849 3367 uberius
872 3301 1093 3369 tractabimus.
1201 3298 1208 3308 ’

135 3424 140 3466 =
159 3426 258 3468 unum
280 3425 366 3468 nune
386 3401 538 3466 monuiffe
554 3398 697 3481 sufficiat,
712 3400 798 3486 apud
816 3401 947 3467 Atticos
961 3405 1093 3490 quidem

135 3528 219 3570 mnes
238 3504 319 3569 adeo
339 3503 509 3589 diligenter
530 3502 713 3580 scribentes,
727 3501 838 3588 ἐξαίρειν
852 3501 916 3566 dici
929 3504 985 3567 ubi
999 3506 1091 3570 extol·

135 3607 156 3686 i,
169 3611 280 3694 ἐξαιρεῖν
294 3607 349 3670 ubi
363 3605 506 3683 demendi,
522 3604 667 3668 eximendi
681 3605 771 3672 notio
784 3605 884 3685 valet3
907 3606 1058 3690 fiquidem
1072 3629 1099 3673 ae

135 3709 227 3774 muni
249 3708 372 3794 origine
391 3705 476 3770 verbi
498 3705 567 3793 alpe,
590 3718 671 3791 opto,
690 3705 733 3768 est
751 3705 830 3791 alpe,
850 3703 930 3784 tollo,
947 3717 981 3770 et
998 3705 1092 3794 αἵςίω,

136 3831 160 3889 e,
170 3811 285 3895 sumu·
312 3804 461 3891 Denique
481 3808 512 3869 τὸ
527 3806 605 3889 μέγα
620 3803 783 3889 displicet3
805 3824 880 3868 uam
901 3803 1094 3890 magnitudo

135 3910 281 3975 ucelfitas
303 3908 412 3987 animi,
435 3930 506 3993 quae
529 3929 592 3971 una
607 3906 696 3970 notio
709 3905 742 3969 in
759 3904 846 3969 hunc
859 3904 968 3970 locum
982 3904 1094 3972 cadere

135 4009 167 4089 it,
180 4013 222 4075 ab
237 4011 299 4075 hoc
315 4032 398 4073 nexu
413 4010 562 4073 abhorret
570 4033 580 4088 3
605 4006 722 4095 quippe
736 4029 808 4093 quae
828 4006 937 4093 potius
958 4031 1035 4073 curn
1053 4015 1094 4095 τῷ

135 4120 240 4200 reperii
264 4125 300 4176 et
318 4119 359 4196 τῷ
382 4116 484 4195 σεμνῷ,
509 4133 606 4196 quam
626 4132 700 4174 cum
721 4108 825 4195 εὐκόλῳ
845 4122 879 4174 et
899 4112 1095 4199 φιλανθρώπῳ,

135 4211 237 4296 iuncta
254 4214 310 4278 est.
356 4213 460 4299 Igitur
473 4211 521 4275 vel
538 4212 640 4293 εὐμενὲς
656 4208 904 4276 substituendum
917 4212 1093 4293 censemus,

135 4328 231 4381 totam
249 4316 333 4381 hanc
356 4331 478 4401 partem
496 4315 541 4378 itu
557 4314 786 4400 retingendum,
800 4317 832 4378 τὸ
850 4314 960 4379 εὔκολον
970 4319 1045 4397 perol
1057 4320 1094 4379 τᾶ

135 4418 261 4503 ueprius:
285 4439 350 4481 uon
364 4416 493 4503 quidem
508 4429 546 4478 ut
560 4413 745 4480 alterutram
762 4415 847 4481 hano
868 4415 1003 4480 nostram
1020 4436 1093 4481 eor-

135 4514 238 4583 ionem
253 4519 347 4586 unice
362 4540 465 4581 veram
482 4516 741 4601 pronunciemus,
753 4516 807 4587 sod
821 4530 859 4583 ut
872 4516 1009 4609 uulgatae
1020 4517 1092 4606 qui·

135 4618 287 4690 electioni
300 4618 529 4711 preferendam
540 4616 735 4707 judicemus.
