2684 5258
264 739 322 817 ses.
335 742 522 804 mscsmr.
536 746 659 805 snei.
673 748 725 806 ss
739 748 883 807 muco
897 748 1025 825 pnes.
1101 754 1164 823 ιιι

135 912 198 965 aem
225 902 365 984 laedunt,
391 906 641 994 sanguinemque
663 909 802 975 fundunt
821 923 856 975 et
875 910 1021 989 ululant:
1044 922 1082 974 ut
1094 912 1162 975 Lu·

135 1002 223 1065 :retii
237 1005 329 1069 versu
342 1007 417 1090 631.
434 1009 618 1091 ponendum
636 1024 786 1095 putemus
803 1011 925 1074 -r'nter
936 1012 973 1095 se
982 1009 1071 1095 sorte
1083 1022 1163 1073 care·

135 1124 187 1165 ens
210 1103 343 1167 Lidunt.
382 1109 541 1192 Frequens
563 1109 685 1173 mentio
705 1109 789 1175 istius
808 1110 981 1196 religionis.
1016 1107 1166 1175 Catullus

135 1214 243 1268 totum
256 1205 396 1270 Carmen
410 1209 534 1272 LXIII.
550 1211 582 1272 in
595 1210 665 1297 ejus
679 1225 870 1296 argumento
881 1210 1061 1275 consumit.
1088 1212 1165 1275 Pro·

135 1306 259 1390 penius
281 1310 327 1373 II.
348 1327 400 1374 22.
423 1326 483 1394 15:
514 1312 575 1374 Cur
596 1312 706 1398 aliquis
723 1313 822 1399 sacris
842 1312 942 1375 leniet
959 1312 1023 1395 sno
1046 1311 1168 1374 brachia

135 1405 269 1471 aleris?
300 1409 347 1473 Et
360 1411 490 1497 Phrygis
509 1411 624 1477 inanes
642 1414 766 1477 ceditur
779 1415 822 1476 ael
835 1416 999 1477 numeros?
1018 1412 1168 1476 Tibullus

135 1508 168 1571 1.
181 1528 215 1588 4.
230 1511 294 1595 69:
318 1511 364 1573 Et
381 1524 557 1576 tercentenas
575 1514 718 1579 erroribus
739 1515 855 1602 explent
868 1513 965 1592 nrbes,
980 1514 1026 1577 Et
1035 1516 1114 1600 secet
1128 1513 1173 1576 od

135 1608 287 1697 Phrygios
307 1610 387 1674 vilio
401 1613 529 1676 membre
542 1616 649 1678 medos.
687 1615 820 1679 Ovidius
842 1615 920 1679 Fast.
939 1614 998 1678 IV.
1016 1615 1088 1679 180.
1103 1615 1168 1700 seq.
1208 1669 1213 1677 .

135 1724 216 1773 321.
233 1728 306 1792 244.
342 1711 473 1777 Alcaeus
487 1715 725 1801 Epigrammete
736 1715 918 1800 Antholog.
931 1716 958 1777 l.
974 1736 1007 1800 p.
1021 1729 1073 1796 70.
1095 1715 1169 1780 An·

143 1806 242 1872 tistius
260 1832 313 1896 ap.
334 1813 478 1878 Brunck.
497 1815 645 1881 Analest.
663 1818 703 1880 T.
719 1818 765 1880 Il.
787 1839 820 1903 p.
836 1817 908 1897 284.
944 1816 1078 1902 Erycius
1091 1815 1169 1880 ibid

145 1924 271 1993 p..295
315 1911 517 1978 Dioscorides
540 1917 601 1979 III.
625 1937 659 2000 p
674 1935 749 1999 314·
770 1916 848 1980 edit.
863 1915 1002 1993 Brodaei,
1016 1913 1171 1979 Brunckii

151 2006 186 2071 T
202 2010 227 2072 l.
218 2034 274 2096 .p.
282 2032 359 2097 503.
351 2036 469 2100 ouem
485 2015 546 2080 fuit
560 2039 658 2103 quum
675 2016 901 2103 corrigendum
915 2017 1095 2082 censerem:

230 2111 384 2177 Βᾶλλεθ”
372 2142 435 2201 οπερ
448 2115 541 2199 ‘copie
554 2120 640 2180 πολι
620 2145 697 2203 κρ
698 2144 743 2197 να
759 2117 854 2197 καίτοὶ
868 2119 968 2195 συνήθη

142 2256 145 2261 -
270 2214 397 2297 Triprrnr'
411 2219 453 2279 inl
470 2219 538 2305 ςῆλρ
553 2220 582 2306 ρι’,
568 2222 660 2282 ν’στοτ
674 2218 865 2301 Ἀναξιμίνιις,

231 2311 290 2393 Καὶ
301 2316 505 2402 σεριὸινηοοοθο
520 2324 626 2403 μοικρῆς
641 2318 820 2403 ἅνελίγμοοτοι
831 2317 936 2404 χαίτης

146 2458 154 2469 -
177 2450 180 2455 ·
273 2414 441 2501 Στρυμονίην
454 2415 546 2499 :iperet
560 2420 658 2492 θοάὸες
671 2421 741 2500 ἀμφὶ
754 2418 853 2498 πόλιν,

148 2562 154 2569 -
227 2511 272 2579 Ἣ
286 2521 412 2603 γλυκερὰ
426 2520 586 2593 πνεύσαντος
601 2523 639 2601 ἐφ’
654 2520 819 2606 ὑμετέροισιν
832 2520 959 2594 &deleres

147 2654 150 2659 ·
275 2617 411 2680 Πολλᾶκι
425 2623 490 2706 πρὸς
503 2621 636 2700 μαλακὰς
648 2622 717 2683 τοῦδ’
732 2622 860 2708 ἐχόρευσε
874 2621 968 2703 νόμος.

156 2713 251 2781 Versu
265 2718 379 2803 quinto
393 2740 453 2804 pro
467 2721 593 2795 ἀδάπίοιις
607 2721 831 2786 substituebam
853 2723 1003 2807 ἀραγμοῖς,
1017 2719 1064 2784 vel
1078 2720 1178 2801 ὑμετί·

155 2841 205 2903 ςοος
225 2822 426 2904 ἀλαλαγμοῑςι
453 2822 556 2908 primo
575 2823 733 2908 legebam,
756 2822 865 2885 Balree‘
884 2824 948 2905 ὑπὲρ
965 2819 1058 2902 ripis
1076 2826 1180 2885 σκολιοὶ

153 2920 242 3005 κρίνοι,
264 2921 382 2987 Saltate
392 2925 485 3011 super
496 2925 633 3013 sepulcro
644 2926 779 3013 finnesas
789 2924 990 3013 saltationes:
1014 2924 1045 2987 in
1066 2923 1180 2989 eadem

145 3040 188 3085 w
207 3022 377 3109 Euripides
397 3026 541 3112 Cyclope
557 3046 638 3107 204:
661 3026 691 3089 ri
710 3027 884 3114 βακχίιξοτε·
908 3029 938 3089 erl
957 3024 1085 3099 Διόνυσος
1102 3024 1180 3105 veile,

155 3124 198 3186 ol
210 3123 337 3210 κρόταλα
356 3135 483 3212 χοὶοιοῦ,
504 3129 649 3208 τυμπάνων
669 3131 695 3190 τ’
709 3129 878 3214 ιἰρίιγμοιτοι.
915 3124 1037 3190 Ibidem
1054 3127 1111 3208 65:
1135 3128 1180 3187 ot

143 3223 218 3287 abre
232 3226 360 3311 Βρίμιος,
376 3231 405 3290 οὔ
419 3227 483 3290 τάδε
498 3228 593 3314 Χίροι,
614 3228 732 3314 Βάκχος
747 3255 778 3292 τι
793 3227 964 3315 θυροορίροι,
980 3230 1024 3290 Οὔ
1036 3225 1183 3308 τυμπάνων

144 3327 379 3412 immol-w
413 3329 593 3413 Ἀλεξιμένος
618 3345 653 3395 et
678 3331 846 3414 Ἀμφίπολιν
867 3328 955 3394 dedit
976 3327 1181 3394 Brunckius:

155 3448 295 3514 quorum
317 3431 380 3496 hoc
402 3456 467 3497 non
487 3434 665 3520 requiram:
691 3433 858 3519 Strymonia
875 3431 946 3494 urbs
964 3452 1021 3515 per
1039 3431 1069 3493 se
1092 3442 1185 3494 notet

154 3529 395 3618 Amphipolim,
418 3547 452 3597 et
474 3535 576 3620 magis
598 3535 760 3622 poeticum
784 3533 827 3597 est
848 3554 943 3618 quam
967 3553 1084 3594 nomen
1106 3551 1182 3615 pro-

145 3632 275 3717 ¹prium.
319 3635 434 3700 Sensus
456 3635 638 3723 hujusmodi
659 3647 804 3722 apparet,
829 3633 1000 3719 Thyedibns
1027 3630 1185 3697 elementi·

158 3733 221 3814 bus,
237 3735 329 3823 iisque
342 3737 488 3801 occinente
506 3739 634 3817 tibicine,
653 3738 698 3800 ad
717 3738 805 3824 hujus
825 3734 938 3798 dulcem
948 3731 1055 3818 stenem
1073 3730 1186 3816 molles·

148 3858 212 3923 que
225 3860 323 3900 nenws
336 3838 452 3925 relique
466 3839 574 3903 civitas
585 3839 733 3924 saltavit.
766 3839 863 3901 Poeta
876 3856 940 3897 non
955 3831 1139 3897 nominatus
1152 3831 1186 3895 in

159 3936 362 4026 Gallijambis
389 3939 476 4024 apud
502 3940 761 4025 Hephaestionem
789 3959 821 4023 p.
835 3955 897 4017 40:
932 3933 1045 3996 remi
1074 3934 1188 4019 Μητρὸς

160 4039 239 4128 δρίος
253 4041 413 4127 φιλίθνρτοι
430 4045 569 4129 δρομάδες,
590 4044 641 4118 Ate
661 4042 738 4106 ἔντεα
750 4045 926 4126 οτατοιγέιτοιρ
946 4065 968 4123 r,
988 4036 1106 4121 χάλκεοι
1121 4034 1188 4122 κρί-

160 4156 250 4206 τιλοο.
280 4142 403 4227 Stipem
419 4145 519 4208 Matri
534 4147 678 4209 Deorum
695 4142 853 4229 propriam
868 4138 996 4225 reliquit
1012 4137 1125 4201 Cicero
1136 4137 1190 4201 De

163 4243 305 4331 legibus
321 4245 366 4309 II.
384 4247 434 4309 16.
469 4248 543 4311 Hoc
562 4247 605 4309 est
625 4247 751 4332 ἀγείρειν,
766 4243 943 4307 mendicari:
968 4240 1042 4303 binc
1057 4237 1190 4325 inpleret,

152 4346 360 4433 μνίροιγίρτης,
376 4347 494 4412 Matris
508 4349 638 4412 Deorum
661 4347 811 4426 Sacerdos,
834 4344 956 4421 Galles,
972 4342 1074 4406 Matri
1084 4340 1193 4429 stipem

167 4445 316 4535 colligens.
345 4448 409 4514 Sed
423 4449 492 4514 baec
505 4451 600 4515 verbo
615 4449 767 4514 monuilse
781 4447 905 4513 sufficit.
939 4444 1031 4508 Plura
1044 4443 1100 4529 qui
1113 4443 1192 4520 vult,

170 4548 261 4615 adeat
272 4549 335 4615 Tb.
344 4552 565 4637 Dempsterum
578 4551 618 4615 ad
635 4550 739 4616 Rofini
753 4553 833 4614 Ant.
846 4551 939 4613 Rom.
956 4566 989 4630 p.
999 4566 1052 4631 99.
1067 4560 1100 4609 et
1112 4566 1194 4633 quoe

169 4647 278 4716 lauden
289 4649 352 4717 Th.
365 4651 485 4720 Geleus
495 4651 538 4721 ed
550 4649 722 4721 lamblich.
736 4650 789 4719 De
801 4646 987 4739 Myst.AEg·
1003 4665 1036 4736 p·
1046 4663 1119 4725 224·
1173 4702 1176 4711 .
