<?xml version="1.0" encoding="UTF-8"?>
<!DOCTYPE html PUBLIC "-//W3C//DTD XHTML 1.0 Transitional//EN"
    "http://www.w3.org/TR/xhtml1/DTD/xhtml1-transitional.dtd">
<html xmlns="http://www.w3.org/1999/xhtml" xml:lang="en" lang="en">
 <head>
  <title>
</title>
<meta http-equiv="Content-Type" content="text/html;charset=utf-8" />
  <meta name='ocr-system' content='tesseract 3.04.00' />
  <meta name='ocr-capabilities' content='ocr_page ocr_carea ocr_par ocr_line ocrx_word'/>
</head>
<body>
  <div class='ocr_page' id='page_1' title='image "./plutarchichaero19plutgoog_0176.png"; bbox 0 0 2684 5258; ppageno 0'>
   <div class='ocr_carea' id='block_1_1' title="bbox 280 328 1174 393">
    <p class='ocr_par' dir='ltr' id='par_1_1' title="bbox 280 328 1174 393">
     <span class='ocr_line' id='line_1_1' title="bbox 280 328 1174 393; baseline -0.001 -2"><span class='ocrx_word' id='word_1_1' title='bbox 280 334 338 392; x_wconf 84' lang='lat'>160</span> <span class='ocrx_word' id='word_1_2' title='bbox 420 333 460 391; x_wconf 89' lang='lat' dir='ltr'>D.</span> <span class='ocrx_word' id='word_1_3' title='bbox 472 332 524 391; x_wconf 91' lang='lat' dir='ltr'>W.</span> <span class='ocrx_word' id='word_1_4' title='bbox 543 331 750 393; x_wconf 79' lang='lat' dir='ltr'>ANIMADV.</span> <span class='ocrx_word' id='word_1_5' title='bbox 770 331 819 390; x_wconf 91' lang='lat' dir='ltr'>IN</span> <span class='ocrx_word' id='word_1_6' title='bbox 838 328 1076 391; x_wconf 80' lang='lat' dir='ltr'>PLUTARCHI</span> <span class='ocrx_word' id='word_1_7' title='bbox 1094 330 1174 391; x_wconf 75' lang='lat' dir='ltr'>mr.</span> 
     </span>
    </p>
   </div>
   <div class='ocr_carea' id='block_1_2' title="bbox 232 492 1336 4318">
    <p class='ocr_par' dir='ltr' id='par_1_2' title="bbox 274 492 1312 1673">
     <span class='ocr_line' id='line_1_2' title="bbox 322 492 1312 581; baseline 0.002 -22"><span class='ocrx_word' id='word_1_8' title='bbox 322 496 418 560; x_wconf 87' lang='lat' dir='ltr'>Pono</span> <span class='ocrx_word' id='word_1_9' title='bbox 444 495 476 560; x_wconf 92' lang='lat' dir='ltr'>in</span> <span class='ocrx_word' id='word_1_10' title='bbox 501 494 586 559; x_wconf 90' lang='lat' dir='ltr'>tituli</span> <span class='ocrx_word' id='word_1_11' title='bbox 607 494 794 581; x_wconf 87' lang='lat' dir='ltr'>prosellione</span> <span class='ocrx_word' id='word_1_12' title='bbox 820 494 864 558; x_wconf 91' lang='lat' dir='ltr'>est</span> <span class='ocrx_word' id='word_1_13' title='bbox 888 501 966 574; x_wconf 70' lang='grc' dir='ltr'>πῶς,</span> <span class='ocrx_word' id='word_1_14' title='bbox 987 493 1147 580; x_wconf 56' lang='lat' dir='ltr'>&#39;qumodo</span> <span class='ocrx_word' id='word_1_15' title='bbox 1175 512 1240 559; x_wconf 80' lang='lat' dir='ltr'>nm</span> <span class='ocrx_word' id='word_1_16' title='bbox 1258 492 1312 576; x_wconf 70' lang='lat' dir='ltr'>sn,</span> 
     </span>
     <span class='ocr_line' id='line_1_3' title="bbox 277 595 1310 684; baseline 0.003 -25"><span class='ocrx_word' id='word_1_17' title='bbox 277 597 373 683; x_wconf 79' lang='lat' dir='ltr'>quod:</span> <span class='ocrx_word' id='word_1_18' title='bbox 394 597 455 662; x_wconf 91' lang='lat' dir='ltr'>hoc</span> <span class='ocrx_word' id='word_1_19' title='bbox 470 596 567 675; x_wconf 88' lang='lat' dir='ltr'>enim,</span> <span class='ocrx_word' id='word_1_20' title='bbox 580 597 724 684; x_wconf 79' lang='lat' dir='ltr'>juvenem</span> <span class='ocrx_word' id='word_1_21' title='bbox 738 596 842 659; x_wconf 79' lang='lat' dir='ltr'>debere</span> <span class='ocrx_word' id='word_1_22' title='bbox 862 607 998 681; x_wconf 79' lang='lat' dir='ltr'>poemata</span> <span class='ocrx_word' id='word_1_23' title='bbox 1010 595 1193 682; x_wconf 77' lang='lat' dir='ltr'>cognoftere,</span> <span class='ocrx_word' id='word_1_24' title='bbox 1207 608 1244 661; x_wconf 91' lang='lat' dir='ltr'>ut</span> <span class='ocrx_word' id='word_1_25' title='bbox 1254 618 1310 662; x_wconf 85' lang='lat' dir='ltr'>ue·</span> 
     </span>
     <span class='ocr_line' id='line_1_4' title="bbox 276 695 1309 783; baseline 0 -22"><span class='ocrx_word' id='word_1_26' title='bbox 276 697 356 761; x_wconf 89' lang='lat' dir='ltr'>mini</span> <span class='ocrx_word' id='word_1_27' title='bbox 371 697 503 762; x_wconf 89' lang='lat' dir='ltr'>dubium</span> <span class='ocrx_word' id='word_1_28' title='bbox 518 699 680 763; x_wconf 77' lang='lat' dir='ltr'>sumebat:</span> <span class='ocrx_word' id='word_1_29' title='bbox 704 719 806 783; x_wconf 86' lang='lat' dir='ltr'>neque</span> <span class='ocrx_word' id='word_1_30' title='bbox 820 696 917 763; x_wconf 81' lang='lat' dir='ltr'>ctiam</span> <span class='ocrx_word' id='word_1_31' title='bbox 931 695 1060 783; x_wconf 68' lang='lat' dir='ltr'>querit,</span> <span class='ocrx_word' id='word_1_32' title='bbox 1074 695 1155 772; x_wconf 66' lang='grc' dir='ltr'><strong><em>τίνας</em></strong></span> <span class='ocrx_word' id='word_1_33' title='bbox 1168 695 1219 777; x_wconf 75' lang='grc' dir='ltr'>ιω)</span> <span class='ocrx_word' id='word_1_34' title='bbox 1229 696 1309 773; x_wconf 68' lang='grc' dir='ltr'>πώς</span> 
     </span>
     <span class='ocr_line' id='line_1_5' title="bbox 277 794 1304 887; baseline 0.003 -27"><span class='ocrx_word' id='word_1_35' title='bbox 277 803 407 875; x_wconf 75' lang='grc' dir='ltr'>ποιητὰς,</span> <span class='ocrx_word' id='word_1_36' title='bbox 423 822 491 883; x_wconf 80' lang='lat' dir='ltr'>quos</span> <span class='ocrx_word' id='word_1_37' title='bbox 506 811 533 861; x_wconf 81' lang='lat' dir='ltr'>et</span> <span class='ocrx_word' id='word_1_38' title='bbox 548 798 627 886; x_wconf 80' lang='lat' dir='ltr'>cujas</span> <span class='ocrx_word' id='word_1_39' title='bbox 642 797 759 887; x_wconf 72' lang='lat' dir='ltr'>generis</span> <span class='ocrx_word' id='word_1_40' title='bbox 778 808 879 884; x_wconf 76' lang='lat' dir='ltr'>poetas</span> <span class='ocrx_word' id='word_1_41' title='bbox 896 794 1025 883; x_wconf 77' lang='lat' dir='ltr'>juvenis</span> <span class='ocrx_word' id='word_1_42' title='bbox 1045 795 1304 885; x_wconf 63' lang='lat' dir='ltr'>cognoscere&amp;-</span> 
     </span>
     <span class='ocr_line' id='line_1_6' title="bbox 276 896 1303 986; baseline 0.003 -24"><span class='ocrx_word' id='word_1_43' title='bbox 276 898 369 962; x_wconf 85' lang='lat' dir='ltr'>beat:</span> <span class='ocrx_word' id='word_1_44' title='bbox 399 897 544 983; x_wconf 80' lang='lat' dir='ltr'>exempla</span> <span class='ocrx_word' id='word_1_45' title='bbox 570 897 703 983; x_wconf 91' lang='lat' dir='ltr'>apponit</span> <span class='ocrx_word' id='word_1_46' title='bbox 728 920 766 961; x_wconf 84' lang='lat' dir='ltr'>ex</span> <span class='ocrx_word' id='word_1_47' title='bbox 795 896 993 984; x_wconf 74' lang='lat' dir='ltr'>principibus</span> <span class='ocrx_word' id='word_1_48' title='bbox 1021 918 1151 977; x_wconf 89' lang='lat' dir='ltr'>eorum,</span> <span class='ocrx_word' id='word_1_49' title='bbox 1176 918 1303 986; x_wconf 79' lang='lat' dir='ltr'>quotum</span> 
     </span>
     <span class='ocr_line' id='line_1_7' title="bbox 276 997 1301 1089; baseline 0.006 -28"><span class='ocrx_word' id='word_1_50' title='bbox 276 997 445 1061; x_wconf 68' lang='lat' dir='ltr'>lectionem</span> <span class='ocrx_word' id='word_1_51' title='bbox 475 998 670 1063; x_wconf 86' lang='lat' dir='ltr'>consuetudo</span> <span class='ocrx_word' id='word_1_52' title='bbox 696 999 908 1085; x_wconf 86' lang='lat' dir='ltr'>antiquislima</span> <span class='ocrx_word' id='word_1_53' title='bbox 932 998 974 1064; x_wconf 86' lang='lat' dir='ltr'>ad</span> <span class='ocrx_word' id='word_1_54' title='bbox 997 998 1232 1067; x_wconf 75' lang='lat' dir='ltr'>institutione·</span> <span class='ocrx_word' id='word_1_55' title='bbox 1252 1000 1301 1089; x_wconf 86' lang='lat' dir='ltr'>ju·</span> 
     </span>
     <span class='ocr_line' id='line_1_8' title="bbox 274 1097 1299 1182; baseline 0.008 -21"><span class='ocrx_word' id='word_1_56' title='bbox 274 1097 414 1161; x_wconf 88' lang='lat' dir='ltr'>ventutis</span> <span class='ocrx_word' id='word_1_57' title='bbox 443 1099 697 1164; x_wconf 79' lang='lat' dir='ltr'>consecraverat:</span> <span class='ocrx_word' id='word_1_58' title='bbox 735 1101 894 1179; x_wconf 86' lang='lat' dir='ltr'>Homero,</span> <span class='ocrx_word' id='word_1_59' title='bbox 920 1100 1080 1180; x_wconf 82' lang='lat' dir='ltr'>Hesiodo,</span> <span class='ocrx_word' id='word_1_60' title='bbox 1099 1100 1299 1182; x_wconf 83' lang='lat' dir='ltr'>Archilocho,</span> 
     </span>
     <span class='ocr_line' id='line_1_9' title="bbox 276 1197 1298 1289; baseline 0.007 -26"><span class='ocrx_word' id='word_1_61' title='bbox 276 1197 422 1278; x_wconf 81' lang='lat' dir='ltr'>Pindaro,</span> <span class='ocrx_word' id='word_1_62' title='bbox 438 1199 614 1279; x_wconf 86' lang='lat' dir='ltr'>Simonide,</span> <span class='ocrx_word' id='word_1_63' title='bbox 626 1200 828 1286; x_wconf 88' lang='lat' dir='ltr'>Theognide,</span> <span class='ocrx_word' id='word_1_64' title='bbox 841 1199 1009 1289; x_wconf 87' lang='lat' dir='ltr'>AEschylo,</span> <span class='ocrx_word' id='word_1_65' title='bbox 1024 1200 1202 1288; x_wconf 82' lang='lat' dir='ltr'>Sophocle,</span> <span class='ocrx_word' id='word_1_66' title='bbox 1215 1203 1298 1269; x_wconf 76' lang='lat' dir='ltr'>Euri·</span> 
     </span>
     <span class='ocr_line' id='line_1_10' title="bbox 274 1296 1297 1388; baseline 0.011 -28"><span class='ocrx_word' id='word_1_67' title='bbox 274 1296 360 1384; x_wconf 90' lang='lat' dir='ltr'>pide,</span> <span class='ocrx_word' id='word_1_68' title='bbox 390 1298 582 1367; x_wconf 85' lang='lat' dir='ltr'>Menandro.</span> <span class='ocrx_word' id='word_1_69' title='bbox 625 1302 713 1366; x_wconf 89' lang='lat' dir='ltr'>Nam</span> <span class='ocrx_word' id='word_1_70' title='bbox 739 1300 791 1365; x_wconf 88' lang='lat' dir='ltr'>alii</span> <span class='ocrx_word' id='word_1_71' title='bbox 818 1302 839 1365; x_wconf 81' lang='lat' dir='ltr'>st</span> <span class='ocrx_word' id='word_1_72' title='bbox 866 1301 922 1388; x_wconf 92' lang='lat' dir='ltr'>qui</span> <span class='ocrx_word' id='word_1_73' title='bbox 949 1301 1173 1383; x_wconf 73' lang='lat' dir='ltr'>nominantur,</span> <span class='ocrx_word' id='word_1_74' title='bbox 1199 1305 1297 1371; x_wconf 75' lang='lat' dir='ltr'>xeno·</span> 
     </span>
     <span class='ocr_line' id='line_1_11' title="bbox 275 1401 1296 1491; baseline 0.004 -26"><span class='ocrx_word' id='word_1_75' title='bbox 275 1401 410 1487; x_wconf 87' lang='lat' dir='ltr'>phanes,</span> <span class='ocrx_word' id='word_1_76' title='bbox 432 1402 658 1488; x_wconf 84' lang='lat' dir='ltr'>Empedocles,</span> <span class='ocrx_word' id='word_1_77' title='bbox 682 1403 887 1482; x_wconf 74' lang='lat' dir='ltr'>Philoxenus,</span> <span class='ocrx_word' id='word_1_78' title='bbox 911 1424 976 1469; x_wconf 93' lang='lat' dir='ltr'>non</span> <span class='ocrx_word' id='word_1_79' title='bbox 1000 1419 1039 1469; x_wconf 92' lang='lat' dir='ltr'>ut</span> <span class='ocrx_word' id='word_1_80' title='bbox 1063 1407 1174 1471; x_wconf 78' lang='lat' dir='ltr'>Poetae</span> <span class='ocrx_word' id='word_1_81' title='bbox 1193 1401 1263 1471; x_wconf 75' lang='lat' dir='ltr'>eh</span> <span class='ocrx_word' id='word_1_82' title='bbox 1248 1424 1296 1491; x_wconf 76' lang='lat' dir='ltr'>Ju-</span> 
     </span>
     <span class='ocr_line' id='line_1_12' title="bbox 277 1503 1296 1593; baseline 0.001 -22"><span class='ocrx_word' id='word_1_83' title='bbox 277 1506 373 1571; x_wconf 88' lang='lat' dir='ltr'>venili</span> <span class='ocrx_word' id='word_1_84' title='bbox 393 1519 486 1571; x_wconf 87' lang='lat' dir='ltr'>aetate</span> <span class='ocrx_word' id='word_1_85' title='bbox 500 1505 625 1571; x_wconf 69' lang='lat' dir='ltr'>tractati</span> <span class='ocrx_word' id='word_1_86' title='bbox 641 1505 845 1585; x_wconf 71' lang='lat' dir='ltr'>tradlandive,</span> <span class='ocrx_word' id='word_1_87' title='bbox 861 1503 913 1570; x_wconf 89' lang='lat' dir='ltr'>sed</span> <span class='ocrx_word' id='word_1_88' title='bbox 928 1503 1014 1569; x_wconf 86' lang='lat' dir='ltr'>nude</span> <span class='ocrx_word' id='word_1_89' title='bbox 1030 1518 1071 1571; x_wconf 91' lang='lat' dir='ltr'>ut</span> <span class='ocrx_word' id='word_1_90' title='bbox 1090 1503 1226 1593; x_wconf 76' lang='lat' dir='ltr'>alicujuo</span> <span class='ocrx_word' id='word_1_91' title='bbox 1236 1504 1296 1573; x_wconf 82' lang='lat' dir='ltr'>sen·</span> 
     </span>
     <span class='ocr_line' id='line_1_13' title="bbox 275 1607 792 1673; baseline 0 -3"><span class='ocrx_word' id='word_1_92' title='bbox 275 1607 389 1671; x_wconf 83' lang='lat' dir='ltr'>tentiae</span> <span class='ocrx_word' id='word_1_93' title='bbox 404 1607 550 1673; x_wconf 67' lang='lat' dir='ltr'>audores</span> <span class='ocrx_word' id='word_1_94' title='bbox 564 1618 792 1672; x_wconf 84' lang='lat' dir='ltr'>memorantur.</span> 
     </span>
    </p>

    <p class='ocr_par' dir='ltr' id='par_1_3' title="bbox 274 1700 1295 3203">
     <span class='ocr_line' id='line_1_14' title="bbox 317 1700 1295 1796; baseline 0 -23"><span class='ocrx_word' id='word_1_95' title='bbox 317 1709 390 1775; x_wconf 86' lang='lat' dir='ltr'>lam</span> <span class='ocrx_word' id='word_1_96' title='bbox 415 1708 478 1773; x_wconf 90' lang='lat' dir='ltr'>hoc</span> <span class='ocrx_word' id='word_1_97' title='bbox 500 1709 602 1796; x_wconf 89' lang='lat' dir='ltr'>ipsum</span> <span class='ocrx_word' id='word_1_98' title='bbox 623 1717 673 1772; x_wconf 66' lang='grc' dir='ltr'>τῶ</span> <span class='ocrx_word' id='word_1_99' title='bbox 653 1736 698 1788; x_wconf 52' lang='lat' dir='ltr'>ag</span> <span class='ocrx_word' id='word_1_100' title='bbox 721 1707 871 1796; x_wconf 84' lang='lat' dir='ltr'>quomodo,</span> <span class='ocrx_word' id='word_1_101' title='bbox 896 1730 958 1794; x_wconf 86' lang='lat' dir='ltr'>qua</span> <span class='ocrx_word' id='word_1_102' title='bbox 978 1700 1097 1771; x_wconf 79' lang='lat' dir='ltr'>ratione</span> <span class='ocrx_word' id='word_1_103' title='bbox 1107 1707 1235 1794; x_wconf 73' lang='lat' dir='ltr'>jovanis</span> <span class='ocrx_word' id='word_1_104' title='bbox 1248 1720 1295 1795; x_wconf 76' lang='lat' dir='ltr'>po·</span> 
     </span>
     <span class='ocr_line' id='line_1_15' title="bbox 276 1806 1295 1897; baseline 0.001 -24"><span class='ocrx_word' id='word_1_105' title='bbox 276 1820 340 1874; x_wconf 83' lang='lat' dir='ltr'>etas</span> <span class='ocrx_word' id='word_1_106' title='bbox 362 1811 526 1897; x_wconf 81' lang='lat' dir='ltr'>cognoscere</span> <span class='ocrx_word' id='word_1_107' title='bbox 545 1809 661 1887; x_wconf 78' lang='lat' dir='ltr'>debeat,</span> <span class='ocrx_word' id='word_1_108' title='bbox 676 1830 776 1894; x_wconf 89' lang='lat' dir='ltr'>quum</span> <span class='ocrx_word' id='word_1_109' title='bbox 796 1807 858 1872; x_wconf 84' lang='lat' dir='ltr'>late</span> <span class='ocrx_word' id='word_1_110' title='bbox 878 1820 996 1893; x_wconf 86' lang='lat' dir='ltr'>pateat,</span> <span class='ocrx_word' id='word_1_111' title='bbox 1011 1820 1046 1871; x_wconf 92' lang='lat' dir='ltr'>et</span> <span class='ocrx_word' id='word_1_112' title='bbox 1064 1807 1185 1874; x_wconf 76' lang='lat' dir='ltr'>multae</span> <span class='ocrx_word' id='word_1_113' title='bbox 1197 1806 1295 1873; x_wconf 78' lang='lat' dir='ltr'>varias·</span> 
     </span>
     <span class='ocr_line' id='line_1_16' title="bbox 275 1905 1294 1996; baseline -0.001 -22"><span class='ocrx_word' id='word_1_114' title='bbox 275 1932 339 1996; x_wconf 85' lang='lat' dir='ltr'>que</span> <span class='ocrx_word' id='word_1_115' title='bbox 361 1908 476 1972; x_wconf 83' lang='lat' dir='ltr'>habeat</span> <span class='ocrx_word' id='word_1_116' title='bbox 495 1920 620 1993; x_wconf 76' lang='lat' dir='ltr'>partes:</span> <span class='ocrx_word' id='word_1_117' title='bbox 652 1908 713 1986; x_wconf 87' lang='lat' dir='ltr'>vel,</span> <span class='ocrx_word' id='word_1_118' title='bbox 730 1906 894 1992; x_wconf 91' lang='lat' dir='ltr'>quomodo</span> <span class='ocrx_word' id='word_1_119' title='bbox 912 1905 1066 1972; x_wconf 86' lang='lat' dir='ltr'>facillima</span> <span class='ocrx_word' id='word_1_120' title='bbox 1079 1908 1294 1995; x_wconf 74' lang='lat' dir='ltr'>certissimaque</span> 
     </span>
     <span class='ocr_line' id='line_1_17' title="bbox 274 2005 1293 2096; baseline 0.001 -24"><span class='ocrx_word' id='word_1_121' title='bbox 274 2009 325 2072; x_wconf 83' lang='lat' dir='ltr'>via</span> <span class='ocrx_word' id='word_1_122' title='bbox 343 2007 384 2072; x_wconf 84' lang='lat' dir='ltr'>ad</span> <span class='ocrx_word' id='word_1_123' title='bbox 410 2029 521 2072; x_wconf 88' lang='lat' dir='ltr'>eorum</span> <span class='ocrx_word' id='word_1_124' title='bbox 543 2005 788 2093; x_wconf 86' lang='lat' dir='ltr'>intelligentiam</span> <span class='ocrx_word' id='word_1_125' title='bbox 809 2006 1029 2093; x_wconf 74' lang='lat' dir='ltr'>perveniaturz</span> <span class='ocrx_word' id='word_1_126' title='bbox 1058 2006 1123 2088; x_wconf 80' lang='lat' dir='ltr'>vel,</span> <span class='ocrx_word' id='word_1_127' title='bbox 1144 2005 1293 2096; x_wconf 85' lang='lat' dir='ltr'>quomodo</span> 
     </span>
     <span class='ocr_line' id='line_1_18' title="bbox 274 2106 1290 2196; baseline 0.002 -24"><span class='ocrx_word' id='word_1_128' title='bbox 274 2108 334 2173; x_wconf 86' lang='lat' dir='ltr'>liat</span> <span class='ocrx_word' id='word_1_129' title='bbox 355 2106 600 2194; x_wconf 86' lang='lat' dir='ltr'>pronunciandi,</span> <span class='ocrx_word' id='word_1_130' title='bbox 620 2106 786 2186; x_wconf 89' lang='lat' dir='ltr'>recitandi,</span> <span class='ocrx_word' id='word_1_131' title='bbox 809 2107 966 2172; x_wconf 84' lang='lat' dir='ltr'>discendi:</span> <span class='ocrx_word' id='word_1_132' title='bbox 990 2107 1054 2186; x_wconf 86' lang='lat' dir='ltr'>vel,</span> <span class='ocrx_word' id='word_1_133' title='bbox 1071 2106 1113 2173; x_wconf 84' lang='lat' dir='ltr'>ad</span> <span class='ocrx_word' id='word_1_134' title='bbox 1135 2128 1290 2196; x_wconf 76' lang='lat' dir='ltr'>quemnam</span> 
     </span>
     <span class='ocr_line' id='line_1_19' title="bbox 274 2206 1291 2295; baseline 0.001 -23"><span class='ocrx_word' id='word_1_135' title='bbox 274 2209 367 2272; x_wconf 90' lang='lat' dir='ltr'>usum</span> <span class='ocrx_word' id='word_1_136' title='bbox 382 2206 549 2287; x_wconf 86' lang='lat' dir='ltr'>referendi,</span> <span class='ocrx_word' id='word_1_137' title='bbox 569 2206 610 2270; x_wconf 91' lang='lat' dir='ltr'>ad</span> <span class='ocrx_word' id='word_1_138' title='bbox 624 2228 772 2272; x_wconf 87' lang='lat' dir='ltr'>rerumne</span> <span class='ocrx_word' id='word_1_139' title='bbox 794 2206 956 2272; x_wconf 87' lang='lat' dir='ltr'>scientiam</span> <span class='ocrx_word' id='word_1_140' title='bbox 975 2229 1016 2271; x_wconf 82' lang='lat' dir='ltr'>ex</span> <span class='ocrx_word' id='word_1_141' title='bbox 1029 2207 1069 2272; x_wconf 80' lang='lat' dir='ltr'>iia</span> <span class='ocrx_word' id='word_1_142' title='bbox 1081 2206 1291 2295; x_wconf 77' lang='lat' dir='ltr'>colligendam,</span> 
     </span>
     <span class='ocr_line' id='line_1_20' title="bbox 274 2306 1289 2396; baseline 0 -23"><span class='ocrx_word' id='word_1_143' title='bbox 274 2331 314 2373; x_wconf 87' lang='lat' dir='ltr'>an</span> <span class='ocrx_word' id='word_1_144' title='bbox 326 2306 489 2396; x_wconf 89' lang='lat' dir='ltr'>adjudicii</span> <span class='ocrx_word' id='word_1_145' title='bbox 503 2307 708 2396; x_wconf 77' lang='lat' dir='ltr'>elegantiam,</span> <span class='ocrx_word' id='word_1_146' title='bbox 722 2330 762 2371; x_wconf 93' lang='lat' dir='ltr'>an</span> <span class='ocrx_word' id='word_1_147' title='bbox 778 2307 818 2371; x_wconf 88' lang='lat' dir='ltr'>ad</span> <span class='ocrx_word' id='word_1_148' title='bbox 833 2306 953 2395; x_wconf 89' lang='lat' dir='ltr'>ingenii</span> <span class='ocrx_word' id='word_1_149' title='bbox 964 2307 1105 2391; x_wconf 91' lang='lat' dir='ltr'>cultum,</span> <span class='ocrx_word' id='word_1_150' title='bbox 1118 2330 1159 2375; x_wconf 87' lang='grc' dir='ltr'>ιιιι</span> <span class='ocrx_word' id='word_1_151' title='bbox 1171 2308 1213 2375; x_wconf 79' lang='lat' dir='ltr'>ad</span> <span class='ocrx_word' id='word_1_152' title='bbox 1226 2308 1289 2373; x_wconf 87' lang='lat' dir='ltr'>doc·</span> 
     </span>
     <span class='ocr_line' id='line_1_21' title="bbox 276 2407 1287 2489; baseline 0 -13"><span class='ocrx_word' id='word_1_153' title='bbox 276 2410 368 2476; x_wconf 88' lang='lat' dir='ltr'>trinae</span> <span class='ocrx_word' id='word_1_154' title='bbox 388 2422 624 2489; x_wconf 87' lang='lat' dir='ltr'>ornamentum,</span> <span class='ocrx_word' id='word_1_155' title='bbox 640 2430 680 2472; x_wconf 86' lang='lat' dir='ltr'>an</span> <span class='ocrx_word' id='word_1_156' title='bbox 695 2408 736 2472; x_wconf 88' lang='lat' dir='ltr'>ad</span> <span class='ocrx_word' id='word_1_157' title='bbox 751 2407 914 2472; x_wconf 89' lang='lat' dir='ltr'>liberalem</span> <span class='ocrx_word' id='word_1_158' title='bbox 928 2407 1027 2472; x_wconf 90' lang='lat' dir='ltr'>animi</span> <span class='ocrx_word' id='word_1_159' title='bbox 1047 2408 1287 2486; x_wconf 69' lang='lat' dir='ltr'>oblectationem,</span> 
     </span>
     <span class='ocr_line' id='line_1_22' title="bbox 276 2508 1288 2598; baseline -0.005 -22"><span class='ocrx_word' id='word_1_160' title='bbox 276 2535 317 2577; x_wconf 82' lang='lat' dir='ltr'>an</span> <span class='ocrx_word' id='word_1_161' title='bbox 339 2512 476 2598; x_wconf 89' lang='lat' dir='ltr'>denique</span> <span class='ocrx_word' id='word_1_162' title='bbox 502 2509 543 2575; x_wconf 80' lang='lat' dir='ltr'>ed</span> <span class='ocrx_word' id='word_1_163' title='bbox 564 2510 689 2574; x_wconf 84' lang='lat' dir='ltr'>virtutis</span> <span class='ocrx_word' id='word_1_164' title='bbox 713 2508 942 2593; x_wconf 81' lang='lat' dir='ltr'>honestatisque</span> <span class='ocrx_word' id='word_1_165' title='bbox 967 2508 1123 2590; x_wconf 71' lang='lat' dir='ltr'>frustum,</span> <span class='ocrx_word' id='word_1_166' title='bbox 1148 2508 1288 2595; x_wconf 74' lang='lat' dir='ltr'>vitamque</span> 
     </span>
     <span class='ocr_line' id='line_1_23' title="bbox 275 2608 1287 2700; baseline 0.001 -23"><span class='ocrx_word' id='word_1_167' title='bbox 275 2612 451 2700; x_wconf 86' lang='lat' dir='ltr'>prudenter</span> <span class='ocrx_word' id='word_1_168' title='bbox 473 2611 665 2697; x_wconf 87' lang='lat' dir='ltr'>regendam:</span> <span class='ocrx_word' id='word_1_169' title='bbox 691 2632 754 2673; x_wconf 91' lang='lat' dir='ltr'>una</span> <span class='ocrx_word' id='word_1_170' title='bbox 775 2608 830 2673; x_wconf 88' lang='lat' dir='ltr'>illa</span> <span class='ocrx_word' id='word_1_171' title='bbox 853 2611 1010 2695; x_wconf 86' lang='lat' dir='ltr'>postremo</span> <span class='ocrx_word' id='word_1_172' title='bbox 1033 2609 1110 2676; x_wconf 88' lang='lat' dir='ltr'>loco</span> <span class='ocrx_word' id='word_1_173' title='bbox 1129 2610 1215 2678; x_wconf 80' lang='lat' dir='ltr'>dieta</span> <span class='ocrx_word' id='word_1_174' title='bbox 1232 2626 1287 2696; x_wconf 78' lang='lat' dir='ltr'>ptr!</span> 
     </span>
     <span class='ocr_line' id='line_1_24' title="bbox 275 2708 1287 2797; baseline -0.004 -18"><span class='ocrx_word' id='word_1_175' title='bbox 275 2714 427 2779; x_wconf 67' lang='lat' dir='ltr'>tractatur</span> <span class='ocrx_word' id='word_1_176' title='bbox 444 2728 477 2776; x_wconf 90' lang='lat' dir='ltr'>et</span> <span class='ocrx_word' id='word_1_177' title='bbox 498 2712 568 2774; x_wconf 88' lang='lat' dir='ltr'>haec</span> <span class='ocrx_word' id='word_1_178' title='bbox 589 2711 653 2795; x_wconf 86' lang='lat' dir='ltr'>ipsa</span> <span class='ocrx_word' id='word_1_179' title='bbox 673 2732 736 2774; x_wconf 93' lang='lat' dir='ltr'>non</span> <span class='ocrx_word' id='word_1_180' title='bbox 761 2725 841 2789; x_wconf 88' lang='lat' dir='ltr'>tota,</span> <span class='ocrx_word' id='word_1_181' title='bbox 866 2708 919 2775; x_wconf 88' lang='lat' dir='ltr'>sed</span> <span class='ocrx_word' id='word_1_182' title='bbox 939 2710 1079 2797; x_wconf 79' lang='lat' dir='ltr'>partim3</span> <span class='ocrx_word' id='word_1_183' title='bbox 1112 2735 1178 2779; x_wconf 87' lang='lat' dir='ltr'>non</span> <span class='ocrx_word' id='word_1_184' title='bbox 1201 2709 1287 2779; x_wconf 85' lang='lat' dir='ltr'>utrit</span> 
     </span>
     <span class='ocr_line' id='line_1_25' title="bbox 274 2809 1285 2898; baseline -0.002 -19"><span class='ocrx_word' id='word_1_185' title='bbox 274 2813 467 2890; x_wconf 83' lang='lat' dir='ltr'>ostendatur,</span> <span class='ocrx_word' id='word_1_186' title='bbox 483 2833 546 2897; x_wconf 83' lang='lat' dir='ltr'>qua</span> <span class='ocrx_word' id='word_1_187' title='bbox 567 2812 735 2875; x_wconf 84' lang='lat' dir='ltr'>Poetarum</span> <span class='ocrx_word' id='word_1_188' title='bbox 752 2809 849 2876; x_wconf 73' lang='lat' dir='ltr'>lectio</span> <span class='ocrx_word' id='word_1_189' title='bbox 870 2809 1025 2898; x_wconf 82' lang='lat' dir='ltr'>dirigatur</span> <span class='ocrx_word' id='word_1_190' title='bbox 1046 2812 1089 2878; x_wconf 83' lang='lat' dir='ltr'>ad</span> <span class='ocrx_word' id='word_1_191' title='bbox 1110 2814 1235 2893; x_wconf 70' lang='lat' dir='ltr'>virtutis</span> <span class='ocrx_word' id='word_1_192' title='bbox 1250 2811 1285 2877; x_wconf 65' lang='lat' dir='ltr'>fe*</span> 
     </span>
     <span class='ocr_line' id='line_1_26' title="bbox 276 2908 1287 2999; baseline 0.004 -22"><span class='ocrx_word' id='word_1_193' title='bbox 276 2910 466 2996; x_wconf 88' lang='lat' dir='ltr'>licitatisque</span> <span class='ocrx_word' id='word_1_194' title='bbox 484 2908 710 2995; x_wconf 88' lang='lat' dir='ltr'>adeptionem:</span> <span class='ocrx_word' id='word_1_195' title='bbox 735 2910 788 2975; x_wconf 91' lang='lat' dir='ltr'>sed</span> <span class='ocrx_word' id='word_1_196' title='bbox 810 2926 847 2974; x_wconf 91' lang='lat' dir='ltr'>ut</span> <span class='ocrx_word' id='word_1_197' title='bbox 868 2925 1030 2997; x_wconf 78' lang='lat' dir='ltr'>precepta</span> <span class='ocrx_word' id='word_1_198' title='bbox 1050 2912 1228 2994; x_wconf 83' lang='lat' dir='ltr'>tradantur,</span> <span class='ocrx_word' id='word_1_199' title='bbox 1246 2928 1287 2999; x_wconf 72' lang='lat' dir='ltr'>ptr</span> 
     </span>
     <span class='ocr_line' id='line_1_27' title="bbox 274 3009 1287 3101; baseline 0.006 -24"><span class='ocrx_word' id='word_1_200' title='bbox 274 3036 346 3101; x_wconf 88' lang='lat' dir='ltr'>quae</span> <span class='ocrx_word' id='word_1_201' title='bbox 370 3035 548 3094; x_wconf 87' lang='lat' dir='ltr'>caveamus,</span> <span class='ocrx_word' id='word_1_202' title='bbox 567 3036 607 3078; x_wconf 89' lang='lat' dir='ltr'>ne</span> <span class='ocrx_word' id='word_1_203' title='bbox 632 3014 802 3078; x_wconf 89' lang='lat' dir='ltr'>Poetarum</span> <span class='ocrx_word' id='word_1_204' title='bbox 826 3036 885 3077; x_wconf 87' lang='lat' dir='ltr'>nos</span> <span class='ocrx_word' id='word_1_205' title='bbox 905 3014 1001 3078; x_wconf 70' lang='lat' dir='ltr'>lectio</span> <span class='ocrx_word' id='word_1_206' title='bbox 1019 3013 1061 3079; x_wconf 92' lang='lat' dir='ltr'>de</span> <span class='ocrx_word' id='word_1_207' title='bbox 1081 3016 1180 3081; x_wconf 72' lang='lat' dir='ltr'>rebus</span> <span class='ocrx_word' id='word_1_208' title='bbox 1195 3009 1287 3083; x_wconf 60' lang='lat' dir='ltr'>divis!</span> 
     </span>
     <span class='ocr_line' id='line_1_28' title="bbox 274 3113 1285 3203; baseline 0.002 -22"><span class='ocrx_word' id='word_1_209' title='bbox 274 3115 484 3201; x_wconf 83' lang='lat' dir='ltr'>humanisque</span> <span class='ocrx_word' id='word_1_210' title='bbox 502 3116 642 3203; x_wconf 87' lang='lat' dir='ltr'>perverse</span> <span class='ocrx_word' id='word_1_211' title='bbox 662 3113 775 3178; x_wconf 89' lang='lat' dir='ltr'>sentire</span> <span class='ocrx_word' id='word_1_212' title='bbox 794 3135 832 3179; x_wconf 87' lang='lat' dir='ltr'>ac</span> <span class='ocrx_word' id='word_1_213' title='bbox 847 3113 995 3200; x_wconf 89' lang='lat' dir='ltr'>judicare</span> <span class='ocrx_word' id='word_1_214' title='bbox 1014 3113 1208 3198; x_wconf 73' lang='lat' dir='ltr'>assuefaciat,</span> <span class='ocrx_word' id='word_1_215' title='bbox 1227 3132 1285 3203; x_wconf 75' lang='lat' dir='ltr'>pto·</span> 
     </span>
    </p>

    <p class='ocr_par' dir='ltr' id='par_1_4' title="bbox 232 3213 1336 3615">
     <span class='ocr_line' id='line_1_29' title="bbox 232 3213 1286 3305; baseline -0.002 -24"><span class='ocrx_word' id='word_1_216' title='bbox 232 3247 235 3250; x_wconf 47' lang='lat'><em>⁴</em></span> <span class='ocrx_word' id='word_1_217' title='bbox 273 3216 437 3305; x_wconf 82' lang='lat' dir='ltr'>positoque</span> <span class='ocrx_word' id='word_1_218' title='bbox 459 3215 584 3281; x_wconf 83' lang='lat' dir='ltr'>virtutis</span> <span class='ocrx_word' id='word_1_219' title='bbox 606 3217 712 3280; x_wconf 68' lang='lat' dir='ltr'>fructu</span> <span class='ocrx_word' id='word_1_220' title='bbox 734 3215 907 3280; x_wconf 84' lang='lat' dir='ltr'>frustretur.</span> <span class='ocrx_word' id='word_1_221' title='bbox 951 3213 1056 3301; x_wconf 87' lang='lat' dir='ltr'>Igitur</span> <span class='ocrx_word' id='word_1_222' title='bbox 1075 3231 1286 3303; x_wconf 81' lang='lat' dir='ltr'>argumentur</span> 
     </span>
     <span class='ocr_line' id='line_1_30' title="bbox 274 3262 1336 3407; baseline 0.002 -24"><span class='ocrx_word' id='word_1_223' title='bbox 274 3320 531 3407; x_wconf 79' lang='lat' dir='ltr'>propositumque</span> <span class='ocrx_word' id='word_1_224' title='bbox 545 3318 617 3384; x_wconf 91' lang='lat' dir='ltr'>libri</span> <span class='ocrx_word' id='word_1_225' title='bbox 629 3318 679 3382; x_wconf 91' lang='lat' dir='ltr'>his</span> <span class='ocrx_word' id='word_1_226' title='bbox 694 3316 778 3403; x_wconf 84' lang='lat' dir='ltr'>quast</span> <span class='ocrx_word' id='word_1_227' title='bbox 795 3315 913 3381; x_wconf 83' lang='lat' dir='ltr'>sinibus</span> <span class='ocrx_word' id='word_1_228' title='bbox 927 3316 1136 3382; x_wconf 80' lang='lat' dir='ltr'>continetur:</span> <span class='ocrx_word' id='word_1_229' title='bbox 1159 3314 1286 3385; x_wconf 64' lang='lat' dir='ltr'>Quoto&amp;</span> <span class='ocrx_word' id='word_1_230' title='bbox 1331 3262 1336 3359; x_wconf 77' lang='lat' dir='ltr'>l</span> 
     </span>
     <span class='ocr_line' id='line_1_31' title="bbox 263 3414 1336 3513; baseline -0.002 -25"><span class='ocrx_word' id='word_1_231' title='bbox 263 3424 392 3509; x_wconf 82' lang='lat' dir='ltr'>juvenis</span> <span class='ocrx_word' id='word_1_232' title='bbox 407 3435 542 3513; x_wconf 80' lang='lat' dir='ltr'>poemata</span> <span class='ocrx_word' id='word_1_233' title='bbox 564 3423 661 3511; x_wconf 83' lang='lat' dir='ltr'>legare</span> <span class='ocrx_word' id='word_1_234' title='bbox 674 3421 788 3498; x_wconf 77' lang='lat' dir='ltr'>debeat,</span> <span class='ocrx_word' id='word_1_235' title='bbox 803 3430 837 3482; x_wconf 78' lang='lat' dir='ltr'>ut</span> <span class='ocrx_word' id='word_1_236' title='bbox 850 3417 897 3481; x_wconf 80' lang='lat' dir='ltr'>nit</span> <span class='ocrx_word' id='word_1_237' title='bbox 914 3418 984 3481; x_wconf 80' lang='lat' dir='ltr'>iada</span> <span class='ocrx_word' id='word_1_238' title='bbox 1001 3441 1053 3481; x_wconf 83' lang='lat' dir='ltr'>nec</span> <span class='ocrx_word' id='word_1_239' title='bbox 1062 3419 1185 3505; x_wconf 80' lang='lat' dir='ltr'>judicio</span> <span class='ocrx_word' id='word_1_240' title='bbox 1201 3414 1288 3485; x_wconf 69' lang='lat' dir='ltr'>molt</span> <span class='ocrx_word' id='word_1_241' title='bbox 1333 3416 1336 3425; x_wconf 65' lang='grc'>’</span> 
     </span>
     <span class='ocr_line' id='line_1_32' title="bbox 273 3515 1288 3615; baseline -0.004 -28"><span class='ocrx_word' id='word_1_242' title='bbox 273 3527 311 3588; x_wconf 84' lang='lat' dir='ltr'>da</span> <span class='ocrx_word' id='word_1_243' title='bbox 330 3527 414 3591; x_wconf 78' lang='lat' dir='ltr'>relus</span> <span class='ocrx_word' id='word_1_244' title='bbox 432 3525 628 3615; x_wconf 68' lang='lat' dir='ltr'>gravffmis,</span> <span class='ocrx_word' id='word_1_245' title='bbox 651 3547 703 3590; x_wconf 83' lang='lat' dir='ltr'>nec</span> <span class='ocrx_word' id='word_1_246' title='bbox 723 3523 820 3586; x_wconf 83' lang='lat' dir='ltr'>animo</span> <span class='ocrx_word' id='word_1_247' title='bbox 836 3533 864 3584; x_wconf 78' lang='lat' dir='ltr'>et</span> <span class='ocrx_word' id='word_1_248' title='bbox 883 3518 1010 3585; x_wconf 71' lang='lat' dir='ltr'>moribus</span> <span class='ocrx_word' id='word_1_249' title='bbox 1028 3521 1197 3606; x_wconf 76' lang='lat' dir='ltr'>pravitatis</span> <span class='ocrx_word' id='word_1_250' title='bbox 1206 3515 1288 3611; x_wconf 74' lang='lat' dir='ltr'>sesti·</span> 
     </span>
    </p>

    <p class='ocr_par' dir='ltr' id='par_1_5' title="bbox 293 3626 348 3688">
     <span class='ocr_line' id='line_1_33' title="bbox 293 3626 348 3688; baseline 0.018 -1"><span class='ocrx_word' id='word_1_251' title='bbox 293 3626 348 3688; x_wconf 80' lang='lat' dir='ltr'>ias.</span> 
     </span>
    </p>

    <p class='ocr_par' dir='ltr' id='par_1_6' title="bbox 269 3641 1290 4318">
     <span class='ocr_line' id='line_1_34' title="bbox 269 3641 1288 3812; baseline -0.007 -20"><span class='ocrx_word' id='word_1_252' title='bbox 269 3641 291 3713; x_wconf 62' lang='lat' dir='ltr'><em>p</em></span> <span class='ocrx_word' id='word_1_253' title='bbox 315 3723 405 3791; x_wconf 88' lang='lat' dir='ltr'>Dicit</span> <span class='ocrx_word' id='word_1_254' title='bbox 423 3739 570 3812; x_wconf 79' lang='lat' dir='ltr'>poemata,</span> <span class='ocrx_word' id='word_1_255' title='bbox 590 3725 750 3791; x_wconf 62' lang='lat' dir='ltr'>universes</span> <span class='ocrx_word' id='word_1_256' title='bbox 776 3744 835 3788; x_wconf 90' lang='lat' dir='ltr'>nec</span> <span class='ocrx_word' id='word_1_257' title='bbox 858 3722 969 3787; x_wconf 77' lang='lat' dir='ltr'>Poetae</span> <span class='ocrx_word' id='word_1_258' title='bbox 988 3720 1156 3807; x_wconf 90' lang='lat' dir='ltr'>quosdam,</span> <span class='ocrx_word' id='word_1_259' title='bbox 1177 3734 1235 3787; x_wconf 88' lang='lat' dir='ltr'>aut</span> <span class='ocrx_word' id='word_1_260' title='bbox 1248 3718 1288 3785; x_wconf 93' lang='lat' dir='ltr'>lo·</span> 
     </span>
     <span class='ocr_line' id='line_1_35' title="bbox 271 3820 1289 3912; baseline -0.005 -18"><span class='ocrx_word' id='word_1_261' title='bbox 271 3851 327 3894; x_wconf 86' lang='lat' dir='ltr'>cos</span> <span class='ocrx_word' id='word_1_262' title='bbox 345 3847 467 3904; x_wconf 89' lang='lat' dir='ltr'>eorum,</span> <span class='ocrx_word' id='word_1_263' title='bbox 488 3840 545 3888; x_wconf 86' lang='lat' dir='ltr'>aut</span> <span class='ocrx_word' id='word_1_264' title='bbox 561 3846 681 3912; x_wconf 89' lang='lat' dir='ltr'>genera</span> <span class='ocrx_word' id='word_1_265' title='bbox 693 3838 880 3910; x_wconf 83' lang='lat' dir='ltr'>poematum</span> <span class='ocrx_word' id='word_1_266' title='bbox 893 3821 1051 3889; x_wconf 81' lang='lat' dir='ltr'>excludit.</span> <span class='ocrx_word' id='word_1_267' title='bbox 1075 3843 1136 3886; x_wconf 89' lang='lat' dir='ltr'>nec</span> <span class='ocrx_word' id='word_1_268' title='bbox 1152 3820 1289 3889; x_wconf 68' lang='lat' dir='ltr'>scledum</span> 
     </span>
     <span class='ocr_line' id='line_1_36' title="bbox 272 3922 1290 4015; baseline -0.009 -20"><span class='ocrx_word' id='word_1_269' title='bbox 272 3946 306 3995; x_wconf 87' lang='lat' dir='ltr'>et</span> <span class='ocrx_word' id='word_1_270' title='bbox 319 3928 448 4015; x_wconf 76' lang='lat' dir='ltr'>eclogae</span> <span class='ocrx_word' id='word_1_271' title='bbox 462 3923 573 3991; x_wconf 88' lang='lat' dir='ltr'>suadet</span> <span class='ocrx_word' id='word_1_272' title='bbox 587 3923 732 3988; x_wconf 90' lang='lat' dir='ltr'>locorum</span> <span class='ocrx_word' id='word_1_273' title='bbox 747 3923 995 4010; x_wconf 84' lang='lat' dir='ltr'>probandorum,</span> <span class='ocrx_word' id='word_1_274' title='bbox 1014 3942 1073 3988; x_wconf 86' lang='lat' dir='ltr'>nec</span> <span class='ocrx_word' id='word_1_275' title='bbox 1092 3922 1290 3993; x_wconf 67' lang='lat' dir='ltr'>exsectioneu</span> 
     </span>
     <span class='ocr_line' id='line_1_37' title="bbox 271 4013 1290 4116; baseline -0.008 -21"><span class='ocrx_word' id='word_1_276' title='bbox 271 4028 571 4116; x_wconf 82' lang='lat' dir='ltr'>irnprobandorum·</span> <span class='ocrx_word' id='word_1_277' title='bbox 595 4024 641 4089; x_wconf 88' lang='lat' dir='ltr'>ita</span> <span class='ocrx_word' id='word_1_278' title='bbox 661 4023 789 4102; x_wconf 87' lang='lat' dir='ltr'>disserit,</span> <span class='ocrx_word' id='word_1_279' title='bbox 808 4037 847 4088; x_wconf 93' lang='lat' dir='ltr'>ut</span> <span class='ocrx_word' id='word_1_280' title='bbox 867 4024 887 4086; x_wconf 90' lang='lat' dir='ltr'>si</span> <span class='ocrx_word' id='word_1_281' title='bbox 911 4036 997 4086; x_wconf 83' lang='lat' dir='ltr'>totos</span> <span class='ocrx_word' id='word_1_282' title='bbox 1018 4034 1053 4088; x_wconf 91' lang='lat' dir='ltr'>et</span> <span class='ocrx_word' id='word_1_283' title='bbox 1073 4021 1218 4112; x_wconf 75' lang='lat' dir='ltr'>integros</span> <span class='ocrx_word' id='word_1_284' title='bbox 1236 4013 1290 4107; x_wconf 75' lang='lat' dir='ltr'>legi</span> 
     </span>
     <span class='ocr_line' id='line_1_38' title="bbox 271 4120 1289 4216; baseline -0.005 -22"><span class='ocrx_word' id='word_1_285' title='bbox 271 4132 362 4195; x_wconf 80' lang='lat' dir='ltr'>velit:</span> <span class='ocrx_word' id='word_1_286' title='bbox 386 4145 420 4196; x_wconf 91' lang='lat' dir='ltr'>et</span> <span class='ocrx_word' id='word_1_287' title='bbox 434 4127 576 4216; x_wconf 90' lang='lat' dir='ltr'>loquitur</span> <span class='ocrx_word' id='word_1_288' title='bbox 590 4125 631 4190; x_wconf 93' lang='lat' dir='ltr'>de</span> <span class='ocrx_word' id='word_1_289' title='bbox 645 4125 750 4190; x_wconf 84' lang='lat' dir='ltr'>Poetis</span> <span class='ocrx_word' id='word_1_290' title='bbox 751 4146 830 4211; x_wconf 83' lang='lat' dir='ltr'>,qut</span> <span class='ocrx_word' id='word_1_291' title='bbox 819 4121 962 4209; x_wconf 76' lang='lat' dir='ltr'>‘&#39;tulgo</span> <span class='ocrx_word' id='word_1_292' title='bbox 953 4145 986 4187; x_wconf 90' lang='lat' dir='ltr'>m</span> <span class='ocrx_word' id='word_1_293' title='bbox 1002 4123 1118 4190; x_wconf 77' lang='lat' dir='ltr'>scholia</span> <span class='ocrx_word' id='word_1_294' title='bbox 1130 4140 1166 4190; x_wconf 88' lang='lat' dir='ltr'>et</span> <span class='ocrx_word' id='word_1_295' title='bbox 1179 4120 1289 4191; x_wconf 79' lang='lat' dir='ltr'>institu-</span> 
     </span>
     <span class='ocr_line' id='line_1_39' title="bbox 270 4225 1290 4318; baseline -0.007 -20"><span class='ocrx_word' id='word_1_296' title='bbox 270 4232 358 4298; x_wconf 87' lang='lat' dir='ltr'>tionc</span> <span class='ocrx_word' id='word_1_297' title='bbox 372 4233 502 4318; x_wconf 81' lang='lat' dir='ltr'>puerilia</span> <span class='ocrx_word' id='word_1_298' title='bbox 516 4229 619 4299; x_wconf 80' lang='lat' dir='ltr'>aetatia</span> <span class='ocrx_word' id='word_1_299' title='bbox 633 4228 826 4295; x_wconf 87' lang='lat' dir='ltr'>terebantur.</span> <span class='ocrx_word' id='word_1_300' title='bbox 848 4227 976 4291; x_wconf 88' lang='lat' dir='ltr'>Horum</span> <span class='ocrx_word' id='word_1_301' title='bbox 991 4225 1189 4293; x_wconf 70' lang='lat' dir='ltr'>carminibus</span> <span class='ocrx_word' id='word_1_302' title='bbox 1200 4242 1290 4314; x_wconf 76' lang='lat' dir='ltr'>quun</span> 
     </span>
    </p>
   </div>
   <div class='ocr_carea' id='block_1_3' title="bbox 561 4564 647 4584">
    <p class='ocr_par' dir='ltr' id='par_1_7' title="bbox 561 4564 647 4584">
     <span class='ocr_line' id='line_1_40' title="bbox 561 4564 647 4584; baseline 0 0"><span class='ocrx_word' id='word_1_303' title='bbox 561 4564 647 4584; x_wconf 47' lang='lat' dir='ltr'>A</span> 
     </span>
    </p>
   </div>
   <div class='ocr_carea' id='block_1_4' title="bbox 0 0 1346 5258">
    <p class='ocr_par' dir='ltr' id='par_1_8' title="bbox 0 0 1346 5258">
     <span class='ocr_line' id='line_1_41' title="bbox 0 0 1346 5258; baseline 0 0"><span class='ocrx_word' id='word_1_304' title='bbox 0 0 1346 5258; x_wconf 95' lang='lat' dir='ltr'> </span> 
     </span>
    </p>
   </div>
  </div>
 </body>
</html>
