2684 5258
388 808 392 815 -
447 763 728 826 sublaturum
745 766 952 831 nooman
1104 788 1120 841 ·,
1166 781 1211 841 ,35

228 928 258 993 ln
283 927 433 1015 Critalogo
458 927 626 1016 lampaia,
655 929 710 1016 qui
735 929 862 1009 dicitur,
888 928 996 994 nullus
1018 939 1211 999 memoratur

196 1024 239 1094 hac
258 1029 465 1118 inscriptione
484 1028 576 1110 liber,
598 1029 655 1097 ubi
669 1052 714 1094 ex
734 1030 822 1095 libris
843 1030 1034 1110 Moralibus,
1050 1032 1103 1117 qui
1125 1057 1211 1100 nunc

192 1129 258 1209 sunt,
286 1130 470 1218 octogenis,
499 1130 541 1194 ad
568 1130 729 1218 sexaginta
757 1143 790 1195 et
816 1145 953 1218 quatuor
980 1146 1208 1202 memorantur.

190 1231 239 1297 Sed
252 1255 355 1320 neque
371 1232 474 1298 binc'
464 1254 499 1297 m
509 1231 697 1297 alterutram
708 1246 847 1320 ..partem
853 1247 1080 1320 argumentum
1094 1233 1208 1317 ducas3

188 1335 322 1422 squidem
346 1336 527 1422 Catalogua
548 1335 601 1401 ille
622 1338 777 1423 postrema
798 1349 887 1424 parte
908 1349 1073 1401 truncatus
1087 1338 1130 1401 ad
1151 1360 1209 1405 nos

189 1437 288 1501 venit

218 1538 289 1602 Non
311 1552 513 1603 memoratur
532 1536 616 1623 apud
637 1537 797 1615 Stnbaeum,
819 1537 874 1602 ubi
888 1537 1068 1625 frequentes
1081 1538 1154 1603 sunt
1168 1561 1208 1605 ex

181 1635 239 1701 aliie
261 1636 460 1702 Plutarcheis
481 1650 515 1701 et
535 1635 666 1722 perditis
687 1650 721 1701 et
741 1636 869 1722 reliquis
890 1637 977 1701 libris
996 1637 1070 1702 loci.
1116 1641 1204 1704 Inte-

178 1759 264 1823 grum
280 1737 403 1803 Stobaei
418 1759 500 1825 opun
513 1738 674 1802 constabat
688 1750 825 1825 quatuor
838 1738 958 1803 Libris:
981 1738 1069 1804 Libri
1082 1742 1126 1804 11.
1140 1742 1206 1806 Ca·

178 1855 230 1925 put
243 1860 297 1927 32.
313 1855 383 1906 erat
397 1840 469 1927 Περὶ
482 1840 612 1914 παιδείας
624 1838 673 1921 καὶ
685 1845 812 1926 ἀγωγῆς,
826 1855 865 1904 ut
879 1840 1024 1905 novimus
1037 1864 1076 1905 ex
1091 1841 1206 1908 Photio

176 1939 325 2005 biblioth.
343 1938 430 2004 Cod.
446 1938 614 2004 CXLVII.
628 1939 763 2007 ubi-boe
776 1961 860 2026 ¹opus
874 1940 1063 2005 recensetur.
1106 1943 1206 2008 Nunc

174 2038 248 2105 illud
262 2040 386 2127 Caput,
402 2062 476 2104 cum
492 2038 560 2103 aliia
577 2040 700 2119 multis,
723 2039 755 2103 in
778 2038 898 2104 Stobaei
918 2039 1110 2107 editionibus
1125 2040 1204 2106 defi-

174 2139 320 2206 deratur:
342 2156 377 2206 at
398 2141 553 2205 servatum
568 2142 611 2205 est
631 2141 681 2219 vel
697 2156 804 2213 totum
818 2138 867 2203 vel
889 2141 1059 2204 maximam
1081 2156 1206 2228 partem

173 2241 418 2330 inAppendice
442 2242 584 2308 Florent.
607 2242 682 2307 MS.
706 2240 929 2306 Parallelorum
955 2243 1124 2306 Sacromm
1146 2244 1205 2309 Jo-

173 2342 289 2408 bannia
301 2343 509 2422 Damasceni3
500 2343 598 2408 ·ubi-·
601 2343 697 2411 multi
709 2344 888 2408 exstante
842 2368 888 2407 urs
890 2345 914 2430 gt
929 2370 977 2406 na
958 2345 1044 2407 αιείαὸ
1003 2371 1097 2431 magn
1122 2350 1204 2430 ἁ-γω

175 2451 226 2529 γῆς
246 2445 460 2539 Antiquarum
482 2445 680 2531 Scriptorum
701 2445 776 2524 loci,
801 2444 959 2512 Plutarchi
974 2460 1008 2511 et
1024 2468 1063 2511 ex
1077 2446 1132 2561 isto
1147 2448 1204 2513 sub

174 2543 255 2610 illiue
269 2546 399 2610 nomine
413 2546 616 2633 sroqwntato
629 2546 738 2610 libello
752 2545 870 2611 nullus

209 2648 315 2713 Non·
309 2662 514 2721 memoratur
539 2647 571 2711 in
599 2647 719 2736 Sopatri
737 2648 914 2735 Epitomis,
943 2672 1077 2736 quarum
1105 2674 1203 2740 argu-

172 2763 291 2829 menta,
311 2762 347 2815 et
363 2749 562 2829 'Austonmu
576 2749 663 2814 unde
683 2750 775 2815 fattae
788 2765 890 2829 erant,
906 2752 1204 2831 nomina,=receusat

164 2849 472 2916 'Photiusllibliotb
488 2850 720 2917 codxcuxv.
766 2854 803 2915 In
826 2851 876 2915 bis
898 2853 1111 2939 complurium
1128 2856 1202 2920 Plu·

170 2953 372 3019 tarcheorum
386 2953 541 3018 librorum
548 2953 617 3017 suis
632 2952 816 3019 nominibus
830 2951 944 3016 diserte
958 2954 1203 3039 significatorum

168 3056 328 3121 exstabant
355 3055 431 3138 loci,
458 3067 553 3142 atque
583 3054 663 3120 adeo
677 3055 786 3142 -¹spurii
815 3054 898 3119 illiue
921 3055 977 3118 rDe
1003 3053 1201 3122 Fluminibm.

161 3156 240 3221 'Erat
262 3157 294 3222 in
322 3156 434 3225 iisdem
460 3155 567 3243 Caput
590 3157 641 3220 De
659 3155 814 3242 JEfficacia
839 3157 1060 3245 Consuetudinis
1083 3171 1112 3222 et
1130 3160 1200 3224 ’.ἰα-

162 3257 262 3342 h'oris3
283 3280 368 3346 ·quae
392 3259 436 3322 est
459 3258 536 3323 item
562 3258 811 3346 materia:hujus
833 3259 931 3324 libelli
954 3260 1034 3346 Cap.
1053 3263 1110 3329 1V.
1148 3264 1201 3328 At

157 3359 329 3425 ‘Plutarchi
342 3359 700 3425 tiberanefflucnione
714 3360 821 3425 nullus
835 3360 1028 3426 nominatur.

198 3460 442 3548 ‘His-equidem
464 3460 638 3525 rationibus
653 3460 752 3524 nolim
770 3461 975 3541 contendere,
998 3463 1085 3527 huuc
1105 3462 1198 3529 libel-

156 3559 474 3631 v-lum-itlasnondum
490 3561 580 3625 fuluo
590 3575 707 3644 aetate3
729 3562 847 3650 quippe
861 3563 917 3649 qui
927 3563 1028 3628 *modo
1043 3564 1197 3651 significa·

158 3662 462 3734 ·uerirn·eum·u1ihi
482 3662 580 3727 videri
604 3686 669 3728 non
691 3663 795 3729 multo
809 3665 1017 3728 recentiorem
1037 3665 1102 3750 ipso
1117 3665 1197 3729 Plu·

155 3763 291 3828 ·tarebo.
320 3769 474 3830 Attamen
487 3787 527 3829 eo
542 3764 676 3839 inducor
689 3779 727 3830 ut
740 3765 880 3843 credam,
895 3788 970 3829 eum
985 3764 1198 3831 voluminibus

151 3864 427 3932 «Plutarcbeorum
450 3865 614 3948 librorum,
630 3879 716 3930 certe
737 3866 775 3929 iis
790 3865 905 3951 quibus
926 3867 1060 3949 Sopater
1073 3877 1107 3929 et
1118 3867 1196 3933 Sto·

162 3969 248 4038 baeus
262 3969 305 4034 usr
321 3965 569 4048 sunt,nondum
587 3967 732 4032 additum
749 3965 848 4030 luisse.
894 3966 987 4044 Sene,
1011 3966 1125 4032 minum
1148 3971 1195 4037 vi·

151 4068 228 4134 ¹deri
239 4069 352 4149 debet,
368 4069 400 4134 iu
416 4067 566 4155 operibus
578 4068 854 4133 eruditissimorum
876 4067 1056 4150 hominum,
1074 4071 1129 4156 qui
1143 4073 1193 4135 in-

152 4171 377 4236 ·nurnerubiles
387 4169 488 4234 libros
501 4181 534 4232 et
548 4170 711 4234 versassent
724 4182 760 4234 et
775 4168 931 4256 legissent,
946 4192 985 4233 ex
1000 4171 1195 4236 Plutarcbeis

154 4270 226 4336 aliia
245 4273 336 4347 libr-ie
348 4271 419 4336 alia
434 4270 472 4335 -in
490 4270 595 4356 capita
612 4270 700 4335 locon
713 4270 1053 4358 ejusdemargumenti
1067 4271 1193 4337 additos

159 4376 297 4463 reperiri,
313 4398 355 4447 ex
367 4372 801 4438 libello'DeEdueatione-iu
815 4373 972 4460 capitibus
987 4372 1125 4457 ejusdem
1140 4396 1190 4440 ar·-

158 4476 431 4562 gumentinullos-
440 4473 580 4560 reperiri.
