2684 5258
149 297 210 346 520
292 287 332 345 D.
343 285 393 345 W.
414 285 624 346 ANIMADV.
643 285 692 345 IN
711 283 944 346 inmanem
964 285 1039 345 ΠΒ.
1064 301 1069 311 ·

153 447 267 513 Philos.
289 471 322 535 p.
340 451 418 513 1661
441 449 553 527 Οἰκήϊον
576 447 726 533 ἐλευθερίης
747 448 907 534 παρρησίη,
929 447 1044 521 κίνδυνος
1063 448 1159 526 &liri

151 559 245 635 καιροῦ
268 551 422 635 διάγνωσις.
463 548 665 615 Adhibentur
690 547 782 614 Philo
806 548 885 615 Jud.
908 549 963 614 De
986 549 1117 614 Somniir
1133 570 1156 636 p.

154 672 246 737 1119.
261 653 376 716 B-D.

194 756 246 817 68.
261 754 300 817 C.
324 752 412 838 Εὐδία
431 759 489 837 γὰρ
505 753 601 837 ἐπάγει
624 750 902 838 νέφος-πρόσωπον]
927 751 1032 831 Εὐδία,
1052 750 1157 839 calisi·

150 854 273 930 raritas,
295 851 511 937 metaphorice
537 853 706 937 usurpatur
727 851 767 914 de
787 851 881 914 animi
902 850 1062 938 vastasque
1076 851 1160 915 bilari-

152 966 224 1018 tate.
259 952 386 1017 Consol.
402 953 556 1039 Apollon.
572 975 605 1038 p.
625 954 698 1018 118.
712 956 751 1017 E.
781 952 894 1017 Anim.
909 955 1030 1040 Tranq.
1044 969 1114 1036 477.
1124 954 1157 1017 l:

151 1056 237 1118 εὐδίαν
255 1053 379 1139 παρέχει
401 1054 454 1139 βίῳ
476 1053 522 1133 κα)
541 1054 674 1139 γαλήνην.
715 1053 816 1118 Sanlt.
838 1052 969 1119 Tuend.
991 1074 1025 1138 p.
1043 1050 1160 1119 12601

151 1157 177 1215 ἐν
199 1152 272 1238 εὐδίᾳ
293 1156 395 1241 σαρκὸς
417 1151 463 1233 καὶ
483 1154 601 1240 γαλῆνρ.
639 1153 767 1218 Consol.
789 1154 891 1218 Uxor.
908 1155 986 1217 610.
999 1153 1041 1218 B.
1071 1154 1161 1239 Symp

151 1256 211 1320 lV.
234 1277 267 1341 p.
283 1258 357 1319 662.
380 1256 420 1319 C.
448 1257 507 1322 Vl.
522 1256 596 1320 686.
618 1256 655 1320 B.
681 1256 775 1347 ¹Adv.
797 1254 929 1343 Epicur.
953 1277 1049 1343 1090.
1063 1257 1100 1321 Β.
1128 1256 1164 1319 n-

151 1371 264 1421 oontra
277 1356 361 1437 νέφος,
378 1355 479 1435 nubes,
501 1356 662 1443 tristitiam,
684 1370 794 1421 notat:
817 1357 857 1422 de
879 1381 947 1444 quo
970 1359 1114 1434 Erasmus
1126 1358 1161 1422 A·

151 1456 226 1543 dag.
242 1478 274 1542 p.
290 1458 361 1543 189.
390 1456 565 1523 Lambinus
578 1458 704 1545 copiose
717 1458 758 1523 ad
772 1459 901 1524 Horatii
916 1460 1016 1545 Epist.
1029 1461 1057 1523 l.
1071 1459 1161 1545 1894.

151 1560 247 1623 Deme
256 1558 417 1646 supercilio
431 1559 556 1623 nubem:
580 1559 704 1625 brevius
719 1559 952 1625 Valckenarius
967 1560 1011 1625 ad
1024 1559 1164 1646 Euripidis

151 1661 377 1747 Hippol.173.
415 1663 467 1727 Sic
490 1663 686 1728 Nicostratus
709 1685 761 1750 ap.
784 1664 875 1728 Stob.
900 1665 1007 1728 Serm.
1028 1663 1163 1728 LXVlll.

152 1782 186 1845 p.
207 1779 291 1847 425:
325 1769 338 1826 ὁ
360 1764 388 1827 δι’
408 1790 443 1849 γε
465 1765 662 1849 συνάγοντας
684 1768 772 1849 ὀφρῦς,
795 1764 891 1839 σκαιός
913 1770 980 1838 ἒςνν·
1005 1764 1054 1846 καὶ
1069 1764 1166 1828 ὅτιούκ

153 1868 264 1926 ἐπανθεῖ
278 1865 400 1950 ἐρύθημα
414 1870 493 1928 ἀλλὰ
506 1866 602 1940 σκότος
615 1892 647 1928 τε
661 1863 707 1945 καὶ
720 1865 804 1946 νέφος,
817 1864 892 1929 τέο-ε
908 1893 938 1929 τε
955 1874 971 1944 ἡ
987 1869 1069 1952 ψυχὴ
1082 1868 1168 1946 ussup}

153 1966 274 2043 οὐδαμῶς
293 1965 470 2048 εὐρραίνιτος.
508 1966 545 2028 In
567 1966 710 2030 convivio
724 1982 757 2029 et
772 1966 845 2029 vino
859 1965 915 2052 qui
930 1968 1091 2032 sermones
1102 1988 1167 2031 con·

152 2077 282 2148 gruunt,
299 2063 447 2149 jucunda
467 2066 510 2131 est
531 2066 704 2153 disputatio
728 2066 890 2131 Plutarchi
915 2069 1063 2156 Sympos.
1089 2068 1129 2132 ll.
1144 2085 1167 2130 1.

153 2265 250 2345 νότων,
267 2268 329 2330 ΙΙΙ.
345 2290 377 2352 9.
401 2292 433 2355 p.
448 2271 523 2352 657.
541 2269 580 2334 C.
619 2268 783 2354 Philippus
799 2273 825 2331 ἐν
837 2268 993 2355 Χαιρωνείᾳ
1010 2273 1110 2334 πολλὰ
1123 2284 1168 2345 λε·

153 2376 205 2452 ρῶν
218 2370 266 2432 ὑπὸ
280 2369 364 2449 μέθης
378 2372 400 2456 'h
416 2370 613 2455 καταγέλαςυς
634 2369 680 2450 οόν,
696 2370 757 2451 ἅμα
778 2376 818 2454 τῷ
839 2376 1008 2456 προσπεσεῖν
1028 2370 1168 2455 olrapvepl

152 2473 270 2534 σπονδῶν
283 2472 304 2555 ’i
320 2472 428 2555 εἰρήνης,
444 2470 523 2548 ἔςησε
537 2473 568 2534 τὸ
582 2470 731 2558 πρόσωπον
744 2471 765 2557 ‘i
779 2472 921 2556 συνήγαγε
935 2476 987 2546 τοὶς
1001 2475 1127 2558 ὀφρῦς-η

196 2573 248 2636 68.
263 2575 307 2637 D.
329 2580 368 2658 τῷ
382 2572 472 2658 Λυδῖυρ
485 2579 553 2658 θεῷ,
568 2571 613 2651 καὶ
626 2572 836 2636 λύοντο-κατα
853 2573 1016 2660 Hiemem]
1035 2573 1092 2637 Nil
1104 2594 1166 2636 mu-

153 2674 215 2736 tavi
237 2673 269 2736 in
292 2674 394 2759 Λυδίῳ,
416 2674 502 2760 quod
525 2674 652 2738 codices
672 2674 717 2737 nil
735 2674 848 2739 melius
870 2676 1044 2741 afferrent:
1066 2698 1166 2762 quam·

153 2797 250 2858 quam
269 2775 460 2839 mutandum
484 2775 514 2839 in
537 2777 634 2861 Λυοῐορ
654 2776 704 2840 vel
725 2777 831 2862 Λυαίῳ.
870 2779 1054 2866 Utrumque
1069 2778 1167 2866 jungit

154 2874 342 2938 Plutarchus
357 2874 429 2945 loco
441 2876 573 2962 gemino
592 2877 680 2957 huic,
700 2879 845 2965 Sympos.
861 2879 889 2941 l.
909 2902 943 2966 p.
958 2884 1034 2965 613.
1049 2880 1093 2944 B:
1115 2886 1134 2944 rs
1144 2879 1166 2941 u

152 2977 267 3037 πάντων
281 2976 331 3055 μὲν
346 2980 358 3038 ὁ
373 2977 500 3051 Δουνύσος
518 2976 619 3052 Λύσιός
640 2983 680 3053 ἐςν
699 2978 745 3059 κα)
766 2980 873 3058 Λύδιος,
888 2980 1000 3060 points-a
1014 2983 1042 3044 δὲ
1054 2984 1165 3068 ἇφανρεῐ·

152 3103 198 3156 σου
215 3084 262 3154 τῆς
279 3078 399 3162 γλὸαεῖης
418 3083 455 3141 τοὶ
472 3084 583 3164 χαλινοὶ
596 3081 617 3167 ’l
630 3079 750 3158 σελεῖςην
763 3081 917 3168 ἐλευθερίαν
937 3088 972 3168 τῇ
993 3089 1062 3169 φανῇ
1078 3083 1166 3160 δίδωσι,

153 3176 298 3265 ἆὲἒλτερον
317 3179 392 3262 οἶμαρ
416 3178 462 3260 κα)
479 3181 599 3259 ἀνόητον,
623 3185 648 3244 ὲν
673 3182 765 3266 λόγους
786 3184 979 3264 πλεονάζοντα
998 3187 1089 3271 καιρὸν
1105 3189 1164 3247 ἆτο-

153 3284 237 3366 ςερεῖν
249 3288 303 3344 τῶν
316 3279 415 3366 ἄρν’ςυον
431 3279 539 3364 asyma:
564 3279 618 3343 ubi
640 3279 718 3343 item
740 3282 836 3356 Λύδιος
850 3282 1044 3351 mutandum
1064 3284 1095 3347 in
1113 3282 1164 3346 Av'·

152 3404 221 3457 αιος,
242 3391 279 3442 ut
295 3376 364 3464 jam
386 3377 557 3464 suspicatus
579 3392 646 3442 erat
666 3381 698 3444 J.
715 3379 879 3444 Piersonus
896 3381 1065 3447 Verihmil.
1085 3383 1126 3447 ll.
1139 3381 1164 3444 8.

152 3501 185 3564 p.
203 3500 276 3565 230.
312 3481 399 3544 Nam
421 3479 508 3565 quod
520 3481 582 3543 hoc
605 3480 677 3544 loco
697 3480 729 3544 in
754 3481 909 3568 Xylandri
924 3484 1037 3548 notula
1051 3484 1177 3571 legitur„

154 3587 177 3616 “
193 3579 358 3643 Pausanias
374 3580 406 3643 in
421 3580 559 3645 Boeticis
575 3579 668 3645 aliam
690 3579 794 3645 adfert
810 3582 948 3647 caussam
964 3584 1167 3650 curBaochu1

153 3686 176 3719 “
192 3680 306 3765 Lydius
320 3679 478 3759 dicatu1·‚’'
492 3703 659 3766 operarum
675 3681 718 3745 est
732 3680 860 3762 vitium5
879 3683 1033 3771 squidem
1048 3685 1080 3750 in
1096 3687 1165 3751 Pau·

152 3782 235 3846 sonia
259 3784 318 3846 IX.
339 3784 388 3846 16.
413 3782 505 3846 huosa
531 3782 653 3847 mentio
675 3782 721 3846 sit.
757 3781 821 3847 Dei
844 3785 1040 3870 cognomina
1062 3778 1167 3851 Bacchi

152 3883 253 3957 Λύσιος
274 3898 307 3947 et
326 3883 436 3946 fimilia
456 3880 565 3968 attigit
578 3885 597 3948 J
603 3930 609 3945 .
624 3881 777 3970 Taylorus
796 3880 837 3946 ad
855 3883 982 3970 Lyfiam
994 3884 1078 3949 Λᾶν.
1091 3883 1167 3958 The·

152 3983 282 4045 ornnest.
304 4005 337 4068 p.
357 3984 427 4063 184.
470 3977 572 4055 Λύσιος
594 4005 679 4046 nunc
701 3981 823 4061 malim,
845 3997 883 4048 ut
904 3984 1010 4072 magis
1033 3984 1166 4049 ufitaturn

153 4082 322 4146 Plutarcho
335 4097 369 4147 et
383 4083 514 4147 omnino
528 4083 627 4168 prosae
642 4082 871 4168 scriptoribus:
895 4106 925 4147 v.
935 4105 966 4148 c.
993 4085 1079 4170 Opp.
1091 4086 1165 4149 Mor.

152 4203 184 4266 p.
203 4203 274 4268 150.
289 4187 328 4250 B.
351 4189 426 4270 671.
442 4189 485 4251 Ε.
509 4187 582 4269 716.
597 4186 636 4250 B.
667 4186 759 4268 1076.
776 4185 813 4249 B.
852 4185 980 4252 Pindari
1000 4186 1119 4254 dietum
1133 4203 1166 4247 ex
