2684 5258
351 115 552 174 JUDICIUM
574 116 627 172 DE
648 117 850 175 AUCTORE.
1076 132 1113 180 53

10 273 54 325 δ’·
117 292 160 335 ors
179 278 327 341 maratis
349 280 445 364 crescit
471 277 633 356 laboribus,
657 279 756 342 nimiis
781 279 944 342 obruitur?
971 281 1017 344 At
1039 282 1113 364 hoc,

110 370 243 463 iiddom
256 379 393 444 demum
412 378 473 443 alia
490 378 641 458 dictione,
658 378 734 466 subj
726 379 843 459 reitur3
868 392 905 443 ut
919 380 1025 446 minus
1039 403 1113 473 pro-

10 482 47 522 ἒ
107 472 234 559 utitur,
249 479 473 545 Grammatico
485 476 614 564 quidem
629 479 762 558 ratione,
776 501 836 566 pro
852 501 892 542 eo
906 479 982 566 poll
984 496 998 544 t
972 482 1112 571 raceipi

10 596 39 619 “·
100 580 222 667 extmplo
234 579 326 669 quod
340 578 648 666 scriptorspee‘tarit.
681 578 808 646 Deinde
823 580 883 644 alia
897 580 995 645 etiam
1009 604 1111 669 appo-

12 683 23 715 ·’
94 695 198 747 nentur
218 681 400 768 exempla3
421 695 458 745 ut
485 679 590 766 potius
615 685 670 756 τοῖς
694 680 910 771 παραδείγμασι
936 680 1110 751 dicendum

91 778 190 859 filet.
217 785 330 873 Quam
352 781 583 849 comestionem
605 782 723 848 etiamst
743 784 849 864 facias,
872 782 1007 870 reliquas
1021 783 1107 850 diffi-

87 879 207 949 cultates
218 907 286 967 uon
299 883 406 948 tollas.
428 882 522 999 Adeo
537 895 642 947 totum
657 882 765 948 locum
779 883 940 949 temeritas
953 896 985 948 et
999 885 1106 971 ἀλογία

83 984 300 1072 occupavit.

114 1086 195 1151 lbid.
211 1108 245 1172 p.
259 1108 291 1173 9.
307 1088 353 1151 D.
381 1086 560 1150 Memoriam
579 1102 734 1175 puerorum
750 1089 938 1152 exercendam
952 1089 1005 1173 effe
1021 1110 1102 1174 proe-

72 1184 158 1272 cipit,
174 1188 232 1251 suo
247 1209 352 1265 more,
368 1186 401 1250 id
416 1187 458 1252 est
472 1188 612 1252 universe
627 1202 748 1253 etcum
763 1188 921 1252 rhetorica
934 1189 1016 1273 quah
1032 1187 1102 1252 lau·

69 1287 197 1354 datione
213 1288 309 1375 iplius
323 1289 506 1370 memoriae3
530 1304 567 1353 ut
581 1313 671 1355 verus
692 1289 878 1355 Plutarchus
898 1288 1030 1354 omnino
1043 1288 1101 1354 de·

65 1388 241 1472 fideretur3
266 1391 321 1476 qui
336 1379 434 1456 varias
448 1391 586 1455 rationes
601 1391 785 1455 exercendae
804 1388 966 1453 memoria
989 1412 1100 1457 recen-

61 1490 172 1570 suiffet
190 1513 230 1561 ae
250 1490 459 1579 dijudicass‘et,
483 1515 536 1558 eas
556 1514 632 1567 curn
653 1492 786 1555 duxiffet
805 1513 844 1554 ex
860 1489 959 1572 animi
975 1507 1099 1573 natura,

61 1605 138 1661 tum
151 1591 327 1658 illustraffet
339 1615 379 1658 ex
392 1592 535 1659 fontibus
551 1592 847 1680 Pythagoricorum,
864 1589 1051 1677 Aristotelis,
1066 1606 1101 1664 et

62 1692 121 1759 illa
146 1692 237 1780 apud
261 1693 414 1761 Rhetores
438 1695 623 1782 pervulgata
649 1692 820 1759 Simonidis
842 1706 921 1773 arte,
945 1706 1015 1758 tum
1039 1693 1099 1770 has

63 1794 214 1859 rationes
235 1807 269 1859 et
290 1812 445 1883 precepta
470 1795 551 1860 ad
534 1792 715 1860 varietatem
741 1809 774 1860 et
801 1780 941 1860 indolem
967 1795 1097 1881 puerilis
1206 1842 1211 1853 ·

66 1894 192 2009 ingenii
205 1917 280 1960 cum
294 1895 418 1983 judicio
432 1909 466 1961 et
485 1895 632 1962 cautione
645 1884 921 1961 accommodasset
966 1898 1095 1969 Horum

61 1996 212 2061 omnium
234 1995 289 2061 ille
309 1995 410 2061 nihil!
446 1997 607 2061 Caeterum
630 1996 693 2061 hoc
714 1997 816 2082 ipsum
840 2008 1036 2083 praeceptum
1060 1997 1093 2062 in

64 2096 183 2182 Capite
195 2099 263 2185 vot
276 2099 405 2175 παιδάας
418 2097 604 2183 ponendum
618 2112 696 2162 erat.

110 2198 193 2284 Cap.
208 2199 281 2277 XX.
300 2222 335 2287 p.
351 2219 404 2281 14.
418 2201 457 2263 B.
482 2199 673 2285 Exemplum
695 2198 869 2285 Eurydices
891 2199 968 2262 item
989 2200 1094 2266 alieno

60 2299 138 2365 loco
150 2300 297 2387 politum,
313 2299 401 2388 quod
423 2323 486 2364 non
505 2301 545 2364 ad
567 2323 692 2363 morum
709 2299 916 2384 disciplinam,
931 2301 984 2363 scd
998 2302 1038 2365 ad
1053 2301 1092 2365 li-

57 2418 144 2468 teras
165 2417 200 2468 et
220 2404 400 2469 doetrinam
423 2403 559 2490 uastat,
583 2402 681 2489 igitur
702 2403 733 2465 in
755 2401 868 2487 Capite
883 2402 950 2487 orgi
964 2402 1093 2479 παιδείας

55 2504 266 2590 prodendum
280 2519 358 2570 erat.

100 2607 402 2693 Argumentationis
416 2632 519 2694 goinus
534 2608 575 2673 cst
593 2608 688 2675 etiam
711 2608 845 2694 pofiturn
866 2608 896 2671 in
917 2608 1090 2673 excitandis

55 2708 194 2774 aliorum
220 2708 388 2774 auctorum
412 2711 614 2787 testimoniis3
649 2703 735 2795 qnod
760 2724 797 2773 ut
820 2712 861 2773 est
886 2711 1032 2796 frequens
1055 2711 1088 2776 in

53 2831 132 2874 ecto
144 2808 328 2886 Plutarch0,
340 2810 385 2874 ita
396 2811 603 2897 conjunflum
619 2833 692 2874 curn
708 2826 793 2875 certa
803 2810 938 2895 quadam
954 2812 1087 2890 ratione,

54 2931 121 2995 qua
134 2909 228 2994 plane
244 2909 431 2977 Plutarchea
444 2912 546 2983 fonua
559 2926 592 2974 et
608 2912 780 2998 proprietas
794 2911 944 2978 cernitur.
977 2911 1089 2977 Veluti

56 3024 100 3072 ut
111 3009 175 3073 hoc
189 3033 254 3077 uuo
267 3025 351 3090 utar,
368 3012 555 3076 Plutarchus
568 3012 664 3075 habet
677 3015 708 3075 τὸ
723 3011 932 3098 precaturiam,
951 3012 1087 3075 Pseudo·

59 3109 250 3175 Plutarchus
270 3111 347 3176 item
369 3113 535 3198 aliquoties
563 3112 719 3198 Euripidis
743 3111 910 3174 sententias
933 3110 1085 3195 apponit:

55 3208 110 3276 sed
126 3210 160 3275 in
177 3223 310 3299 utroque
325 3229 480 3298 quantum
496 3212 621 3276 diflert?
647 3213 685 3275 In
702 3210 871 3278 Plutarcho
886 3210 927 3271 est
939 3207 1086 3294 quaedanr

55 3311 294 3378 consuetudinis
308 3326 341 3377 et
356 3313 574 3380 familiaritatis
587 3312 731 3390 facilitas,
747 3326 783 3373 ut
799 3309 960 3373 sententiae
976 3311 1086 3397 sponte

55 3414 85 3477 ei
102 3426 137 3478 et
156 3413 189 3477 in
211 3428 354 3480 mentem
370 3413 484 3481 veuiffe
498 3415 577 3480 etin
593 3412 769 3476 orationem
791 3410 941 3479 influxisse
956 3407 1084 3479 ridean-

58 3529 127 3580 tur:
150 3517 183 3579 in
207 3515 519 3581 Pseudo-Plutarcho
542 3530 673 3601 apparet
695 3514 827 3594 novitas,
850 3517 1019 3600 quaerontis
1037 3516 1084 3578 la·
1120 3544 1122 3549 ·

57 3613 124 3690 bor,
138 3629 171 3679 et
185 3613 270 3699 quast
284 3614 389 3680 vultus
403 3613 553 3679 nitentis:
578 3613 757 3701 hujusmodi
771 3614 842 3678 sunt
858 3615 921 3678 fere
937 3615 1084 3677 formulae

57 3715 168 3799 quibus
189 3714 343 3801 praefatur
363 3727 397 3779 et
419 3714 515 3779 veluti
529 3714 651 3778 aditum
673 3714 725 3778 fibi
745 3715 845 3801 aperit
858 3714 898 3776 ad
913 3713 1082 3778 sententia-

57 3837 124 3879 rum
148 3816 392 3882 recitationem:
430 3816 509 3901 Cap.
529 3817 573 3878 Il.
597 3836 630 3900 p.
650 3835 678 3878 1.
700 3817 745 3880 B:
775 3813 831 3891 Ka)
849 3815 928 3893 cccl,-
948 3811 977 3887 ἦν
995 3811 1082 3900 eigel

58 3923 166 4009 ποιηῇς
189 3917 216 3994 ὅς
237 3936 329 4000 φησιν,
345 3915 439 3981 Ὅταν
457 3919 483 3979 δὲ
507 3918 600 4004 κρηπὶς
622 3942 688 3979 κ.τ.
698 3931 728 3979 λ.
774 3918 854 3979 Mox
876 3913 1005 3994 ibidem,
1025 3916 1083 3995 Ka)

58 4019 132 4097 ulra
159 4026 245 4112 ὀρθῶς
269 4028 282 4087 l
306 4020 398 4109 λέγων
420 4022 535 4101 ποιητής
558 4039 635 4101 φησι,
660 4023 764 4084 Arctoi
782 4024 841 4106 peip
865 4016 949 4109 ἄνδρα
971 4033 1080 4095 uui..

545 4140 600 4207 Ε3

1059 4270 1238 4360 Α
