2684 5258
267 730 324 791 oa
343 731 570 796 auoranors
591 735 737 795 mans,
757 737 1026 813 poan-ooo
1107 743 1164 798 οεε

184 909 230 972 24·
245 894 282 959 F.
304 897 361 971 Τὴν
374 897 425 976 μὲν
438 901 498 982 γὰρ
511 896 707 983 κακόψψ]
734 896 863 963 Hesiodi
876 896 967 986 Ἕςγ.
984 898 1057 982 285.

185 1011 231 1073 24.
246 995 283 1058 F.
306 994 390 1071 Aldu
403 1000 461 1081 γὰρ
476 1001 502 1058 ἐν
516 997 703 1082 κακότητο-]
729 1000 830 1062 Hom.
846 997 954 1085 Odyss'.
963 999 1003 1062 T.
1018 999 1093 1083 360.

183 1097 275 1174 t4.F.
295 1100 346 1173 τὴν
366 1097 638 1178 εὐδαιμονίαν-βίου
661 1103 738 1161 κατὰ
758 1099 837 1180 φύσιν
864 1102 1025 1186 εὐροοῦντος]
1065 1097 1167 1163 Multi

152 1193 251 1259 nnita:
275 1195 309 1261 in
325 1196 436 1281 primis
450 1198 634 1264 Aristoteles
648 1199 681 1264 in
697 1200 831 1278 Ethicis,
848 1201 995 1265 Stobaeus
1015 1202 1118 1264 Serm.
1136 1202 1164 1264 1.

155 1293 196 1358 cl.
227 1297 281 1369 Est
293 1297 360 1361 fere
373 1298 518 1362 Stoicum
534 1304 680 1386 εὐροῡπος,
695 1300 737 1365 de
750 1321 815 1387 quo
828 1300 900 1365 satis
914 1301 951 1365 fit
962 1301 1071 1388 legisse
1082 1322 1164 1387 quoe

152 1392 326 1461 laudavimus
339 1397 381 1461 ad
396 1399 556 1463 Plutarchi
571 1400 714 1466 libellum
729 1400 769 1466 de
782 1403 850 1468 Ser.
864 1402 965 1467 Num.
977 1401 1076 1466 vind.
1092 1401 1163 1466 edi-

157 1493 230 1561 t'mi'o
239 1497 407 1584 peculiaris
420 1521 454 1585 p.
469 1519 520 1579 14,
536 1499 631 1586 hujus
646 1523 679 1586 p.
690 1502 766 1586 548.
777 1503 827 1566 Dr
844 1524 947 1588 nuper
959 1502 1056 1567 etiam
1070 1524 1160 1588 quae·

156 1592 400 1662 dannotarimua
414 1598 454 1662 ad
469 1600 577 1664 Vitam
591 1600 722 1667 Davidis
737 1601 921 1667 Ruhnkenii
935 1621 1053 1690 p.294.
1146 1635 1149 1641 ·
1228 1588 1232 1595 ⁵

183 1718 272 1788 p.25.
287 1705 330 1768 A.
354 1707 389 1778 ὥς
403 1703 461 1766 dam
472 1704 595 1792 χαίρων]
623 1706 733 1794 Odyff.
748 1714 786 1770 Δ.
802 1728 855 1794 93.
885 1715 886 1718 ’

183 1821 225 1888 25·
239 1807 281 1871 A.
299 1804 389 1890 Ἔχεο
402 1807 429 1868 di
441 1811 555 1884 πολλὴν
568 1808 716 1894 ούσίαμ]
743 1809 917 1875 Menandri
934 1810 998 1874 hoc
1016 1832 1081 1874 non
1100 1805 1161 1891 ali·

155 1904 231 1986 unde,
248 1907 337 1994 quod
355 1907 463 1987 sciam,
484 1908 537 1971 nisi
559 1909 619 1974 hac
641 1910 801 1974 Plutarchi
815 1910 966 1975 citatione
981 1910 1160 1998 cognitum,

154 2007 240 2099 retulit
257 2008 290 2072 in
311 2010 469 2094 Excerpta
482 2010 577 2095 Trag.
596 2024 630 2074 et
651 2011 746 2075 Com.
768 2011 900 2075 Grotius
921 2033 955 2098 p.
970 2027 988 2095 7
990 2027 1052 2095 55:
1075 2012 1162 2077 unde

153 2109 277 2193 repetiuit
289 2111 321 2175 J.
337 2108 481 2174 Clericus
495 2132 528 2197 p.
543 2112 616 2192 264.

183 2226 228 2293 25.
243 2214 281 2277 B.
303 2213 355 2290 Μῆ
372 2239 419 2294 μοι
440 2213 601 2298 pinno-J
626 2213 787 2299 Euripidis
801 2214 834 2278 in
849 2215 968 2280 Medea
982 2216 1056 2301 603.
1090 2214 1161 2280 Ha·

155 2306 194 2375 bet
213 2335 339 2400 quoque
362 2315 509 2378 Stobaeus
533 2317 635 2380 Serm.
649 2316 741 2380 XCI.
764 2338 797 2401 p.
811 2336 885 2401 507.
905 2316 1014 2382 addito
1033 2331 1067 2382 ct
1084 2339 1161 2383 auc·
1221 2327 1224 2331 ’

155 2411 213 2477 toris
224 2430 257 2479 et
271 2414 387 2479 fabulae
403 2416 544 2479 nomine.

184 2530 228 2596 25.
242 2516 279 2579 B.
301 2514 339 2578 Ti
351 2519 399 2591 τὴν
412 2515 598 2602 τυςανοῊ
624 2517 783 2603 Euripidis
798 2518 830 2581 in
848 2517 994 2583 Phoeniff.
1009 2532 1084 2602 552.

186 2631 229 2697 25.
243 2616 281 2680 C.
302 2621 357 2692 τοῖς
373 2619 561 2704 Erotion—d
587 2621 714 2683 Notum
730 2621 772 2684 est
791 2614 938 2685 Stoicuiii
953 2622 1159 2706 paradoxum,

157 2711 314 2797 Sapientem
331 2717 375 2783 nil
391 2718 444 2782 nisi
460 2719 590 2783 virtutes
605 2734 638 2783 et
651 2722 749 2798 bona,
765 2720 966 2805 Infipientem
981 2722 1026 2785 nil
1044 2723 1098 2784 nisi
1113 2722 1161 2785 vi-

158 2811 193 2875 tia
203 2829 231 2879 et
242 2818 319 2882 mala
331 2820 459 2883 habere.
483 2819 566 2884 Vide
577 2818 617 2884 de
629 2819 844 2905 infipientibus
857 2821 1046 2886 Ciceronem
1059 2821 1161 2885 Finib.

158 2912 202 2978 IV.
215 2936 265 2999 24:
288 2922 452 2987 Stobaeum
467 2924 581 3009 Eclog.
595 2923 703 2987 Ethic.
720 2945 752 3007 p.
770 2923 931 3007 178,179:
957 2922 1162 2987 Plutarchum

156 3015 221 3106 Opp.
236 3025 319 3089 Mor.
342 3048 375 3112 p.
394 3029 486 3109 1076.
502 3029 539 3090 Β.
576 3028 663 3090 Nam
686 3024 725 3088 de
748 3024 896 3111 Sapiente
914 3024 1001 3088 nulla
1020 3024 1084 3088 fere
1102 3044 1160 3110 pa-

155 3138 212 3202 gina
223 3140 319 3189 vacat.

186 3239 226 3307 25.
241 3225 279 3290 C.
302 3231 366 3289 Οὐκ
388 3224 421 3289 ἂν
441 3227 602 3311 γένοιτο-]
633 3224 794 3310 Euripidis
816 3226 848 3290 in
870 3225 979 3305 AEolo‚
1003 3237 1040 3289 ut
1061 3222 1162 3289 edidit

156 3314 277 3390 Stobaeus
290 3327 393 3390 Serm.
411 3328 498 3390 XLI.
520 3349 552 3411 p.
566 3345 646 3405 240:
671 3325 736 3389 solo
752 3325 910 3411 Euripidis
924 3325 1054 3391 nomine
1070 3323 1160 3390 Plut·
1192 3403 1195 3407 Ι

154 3421 245 3488 archus
266 3426 353 3513 Opp.
376 3428 463 3490 Mor.
487 3448 519 3512 p.
540 3431 615 3511 369.
638 3426 676 3489 B.
700 3441 733 3489 et
754 3443 828 3510 474.
849 3430 891 3490 A.
927 3425 1161 3511 Theophrastus
1280 3416 1298 3429 “

155 3521 312 3619 Metaphys.
328 3554 362 3617 p.
376 3533 449 3617 269.

185 3648 227 3715 25.
241 3636 284 3700 D.
303 3634 386 3698 Ἄνευ
401 3637 427 3696 δὲ
442 3641 477 3699 τῦ
491 3636 611 3719 ἀληθεῖς]
640 3635 724 3698 Citra
745 3635 912 3711 ceritotcm,
936 3632 1022 3716 quod
1043 3633 1074 3695 in
1095 3634 1160 3695 La·

155 3725 203 3795 tina
219 3735 479 3822 interpretatione
499 3734 648 3798 editionis
665 3738 757 3813 1624.
776 3735 848 3812 fuit,
864 3731 1014 3818 quodque
1037 3730 1068 3793 in
1091 3730 1161 3796 aliia

153 3827 376 3900 nominaliter
400 3835 559 3900 redditum
582 3837 636 3915 est,
662 3857 771 3900 vereor
795 3848 831 3897 ut
853 3855 924 3896 uere
950 3846 1161 3918 accurateque

154 3930 288 4001 redditum
308 3937 356 4000 sit.
388 3935 471 3999 Ἀνεο
486 3936 673 4022 plerumque
689 3933 816 4020 quidem
835 3932 1045 4020 privationem,
1060 3933 1162 3999 hicet

153 4027 201 4099 aliis
212 4036 286 4103 Iocis
301 4040 518 4125 nclJ'unelionem
533 4053 637 4104 notat:
663 4052 699 4102 ut
713 4037 791 4100 item
802 4035 900 4122 χωρὶς,
911 4046 1034 4123 prater.
1063 4036 1161 4124 Quod

155 4135 229 4225 talgo
242 4144 348 4205 minus
363 4140 624 4219 animadversum,
639 4164 702 4204 non
718 4141 774 4205 abs
789 4163 821 4203 rc
836 4138 968 4217 videtur,
985 4139 1037 4203 hic
1052 4139 1159 4202 decla-

154 4252 211 4302 rare.
245 4242 349 4329 igitur
363 4242 459 4328 hujus
474 4243 536 4306 loci
551 4243 654 4307 sensus
676 4243 718 4305 cst
732 4267 754 4305 :·
768 4242 973 4328 Praeterquam
991 4262 1061 4302 vero
1081 4240 1162 4324 quod
1227 4293 1235 4306 .

152 4341 217 4423 Persis
234 4345 328 4407 utitur
349 4345 487 4422 veritate,
517 4343 643 4406 maxime
668 4344 762 4406 utitur
788 4343 935 4407 varietate
957 4351 984 4403 et
1005 4338 1162 4425 multiplici

152 4445 379 4508 nominationum
393 4444 601 4531 oicfftudine.
640 4443 692 4507 sic
706 4445 792 4530 Opp.
808 4446 895 4508 Mor.
910 4464 942 4528 p.
958 4459 1009 4523 71.
1025 4441 1073 4504 A:
1096 4439 1160 4505 ἄνευ

155 4532 174 4595 ii
189 4548 227 4617 τῆς
244 4544 429 4631 dipem-nod
442 4549 473 4610 ri
492 4553 538 4623 τῆς
557 4544 657 4618 κακίας
677 4544 798 4608 σκεπῖἕον
813 4543 957 4626 φιλόνεικον
972 4541 1017 4622 noi
1030 4541 1157 4618 αὔθαδες·

154 4646 241 4717 trater
261 4646 452 4735 ignominiam
474 4648 745 4734 vero-spinam
771 4644 808 4733 est
833 4644 905 4710 vitii
931 4645 1160 4714 contumaciam

627 4766 680 4832 Β3
