2684 5258
157 338 197 403 16
353 329 974 401 D.w.1>nAE1²AT10AN1MADV.

34 549 37 556 ·
155 544 296 597 manant
324 531 499 604 naturam,
526 542 607 616 quae
634 516 734 590 illum
760 505 947 615 sapientem
972 541 1045 588 non
1072 542 1135 625 cap

154 644 246 732 Nos,
273 646 432 740 quinon
458 640 578 715 sumus
604 640 779 736 sapientes,
804 639 1027 712 mediointer
1046 639 1135 736 sapie

156 766 241 837 tiam
258 778 294 836 et
310 762 487 836 fortunam
503 762 677 834 versamur
691 761 778 833 looo.
829 761 992 834 Multum
1016 764 1053 833 in
1075 762 1136 834 reb

154 888 276 959 nostris
291 885 380 958 valet
396 884 551 958 fortuna:
577 883 655 981 plus
672 884 777 955 etiam
794 884 957 980 sapientia
972 883 1084 956 valere
1100 909 1135 981 p<

154 1010 214 1096 est,
240 1007 265 1080 sr
289 1009 320 1080 ei
346 1031 525 1106 pareamus
548 1017 591 1078 ut
612 1007 847 1104 gubernatori,
871 1005 1014 1078 fortuna
1037 1018 1135 1078 utam

155 1142 199 1203 ut
222 1132 344 1202 ventis.
405 1130 454 1202 Et
480 1128 551 1201 huc
581 1128 659 1201 sane
684 1127 773 1200 redit
799 1140 872 1199 tota
898 1128 1128 1225 Philosophia,

156 1252 298 1351 quidem
323 1252 417 1325 recle
443 1252 486 1323 ab
513 1251 590 1348 ipsis
614 1252 739 1324 Stoicis
769 1236 872 1344 τὲχνη
900 1243 977 1338 βία,
1002 1255 1085 1322 oitae
1107 1277 1135 1322 ur

157 1375 332 1449 desinitur.

217 1498 287 1570 Sed
312 1497 397 1595 quid
424 1495 503 1569 haec
526 1495 708 1594 disputatio
734 1497 778 1568 ad
805 1497 959 1569 nostrum
990 1521 1135 1594 argume

159 1620 260 1693 turn?
288 1623 377 1692 Sane
403 1620 568 1693 multum.
617 1619 713 1712 Nam
739 1619 799 1716 qui
826 1619 870 1691 ab
895 1618 1135 1715 Interpretetr

157 1743 241 1840 quid
257 1743 418 1840 postulat,
432 1753 474 1815 ut
486 1742 535 1814 nil
552 1765 726 1841 perperam
741 1741 884 1829 sartum,
900 1740 947 1812 nil
965 1740 1135 1838 negledhu

155 1876 373 1961 opportunus
397 1864 542 1935 aliorum
567 1864 764 1936 Audiorum
789 1845 887 1935 locus
904 1863 1020 1935 nullus
1036 1865 1135 1935 ornisl

156 1985 455 2082 deprehendatur:
488 1984 551 2056 ¹hic
583 1983 738 2082 profedto
771 1985 999 2082 Interpretem
1027 1985 1104 2058 vult

156 2109 254 2180 omni
278 2107 429 2180 sortunae
452 2105 608 2179 dominio
629 2107 774 2178 liberum
792 2119 829 2178 et
853 2109 1060 2197 immunem,
1078 2107 1135 2204 pla

156 2229 350 2328 perfeetum
383 2229 567 2327 sapientem
594 2229 639 2301 ad
666 2230 863 2302 Stoicorum
898 2221 1071 2301 nonnam:
1104 2243 1135 2302 -l

155 2376 263 2450 quarn
280 2352 393 2450 legem
410 2363 446 2424 et
464 2351 698 2425 conditionem
717 2350 743 2424 sr
760 2354 966 2449 interpretes
982 2351 1085 2423 semel
1103 2376 1135 2424 re

158 2477 308 2574 igentur,
337 2474 418 2572 quis
446 2473 587 2548 tandem
612 2475 778 2564 mortalis,
804 2477 964 2570 quamvis
992 2475 1119 2547 doetus

13 2690 20 2699 Ι
157 2599 364 2697 ingeniosus,
390 2599 591 2694 Interpretis
615 2599 827 2692 provinciam
844 2597 1007 2695 suscipere
1028 2597 1135 2668 audea

157 2722 243 2792 Hoc
274 2720 362 2797 illud
394 2721 443 2792 est
473 2721 568 2815 quod
601 2743 770 2816 magnum
804 2718 1105 2791 Hemsterhufium

156 2840 297 2914 edendis
317 2841 471 2938 antiquis
493 2840 706 2913 Audloribus
724 2840 913 2914 deterruit:
940 2841 1047 2938 quod,
1072 2854 1114 2913 ut

157 2987 202 3038 eo
222 2962 335 3060 prodit
358 2963 666 3051 Ruhnkeniusst
669 2963 807 3052 ‘Nihil,
825 2963 886 3036 nist
904 2964 1000 3060 quod
1016 2965 1135 3035 omnib

158 3086 356 3159 “numeris
379 3086 556 3182 expletum
583 3087 678 3175 esset,
702 3086 783 3159 ase
806 3088 899 3159 exire
922 3086 1044 3158 vellet:
1071 3110 1135 3183 quc

158 3213 462 3306 “quamcumque
487 3211 561 3280 rem
587 3208 802 3282 tractandam
829 3208 928 3281 sums
931 3210 1005 3296 sset
1029 3233 1135 3281 eam

158 3335 184 3373 “
199 3344 363 3405 excutere
378 3343 415 3403 et
439 3354 523 3403 curn
547 3329 734 3428 pulvisculo
747 3332 929 3402 exhaurire
945 3331 1108 3420 studeret,
1126 3358 1135 3403 ι

158 3460 184 3496 “
200 3455 261 3551 qui
295 3453 434 3552 posthac
462 3453 553 3528 idem
582 3475 685 3553 agere
713 3454 916 3541 institueret,
948 3477 1091 3524 omnem
1119 3454 1135 3524 s

159 3582 183 3616 “
200 3579 381 3649 materiam
395 3589 602 3674 praereptam
619 3574 796 3649 fateretur.
828 3576 968 3676 Quibus
983 3575 1028 3647 de
1043 3575 1135 3648 causi

158 3702 184 3738 “
200 3699 379 3770 memoriae
396 3699 478 3787 suae,
495 3698 656 3772 fidissimo
671 3699 886 3795 caeteroquin
909 3698 1081 3784 omnium,
1100 3723 1135 3794 qr

158 3824 184 3860 “
200 3818 306 3892 semel
330 3820 464 3918 legisset
483 3819 687 3910 audissem,
716 3820 849 3897 custodi
871 3818 963 3890 irasci
989 3819 1130 3907 solebat,

158 3949 183 3983 “
200 3942 254 4014 vel
270 3941 344 4015 leve
360 3941 537 4038 quiddam,
555 3943 651 4038 quod
665 3943 790 4014 eodem
809 3943 1009 4038 pertineret,
1027 3942 1087 4014 fibi
1105 3967 1135 4038 p

158 4065 332 4140 “editum
350 4064 477 4138 librum
496 4064 756 4160 suppeditaret?
806 4065 908 4160 Saepe
924 4067 1029 4138 etiam
1046 4064 1135 4136 accic‘

409 4219 422 4284 ξ
441 4211 523 4292 Elog.
536 4212 602 4272 Tib.
615 4211 823 4285 Hemtierhusi,
837 4233 866 4293 p.
878 4214 898 4274 6
899 4229 927 4292 5.

486 4574 573 4592 Α
