2684 5258
785 334 791 345 x

243 716 301 779 na
318 716 545 778 Auumums
565 715 711 777 rorrrs.
730 733 760 794 p.
769 724 820 778 eo.
833 718 874 788 A,
883 718 917 777 1.
1033 730 1094 797 wa

135 896 190 948 20.
207 877 262 944 Dr
292 877 346 953 ὅςο
368 879 554 966 Κλεοπάτραν
574 879 741 943 διδασκάλια
758 876 878 965 Φυλῦίᾳ
894 885 942 957 τῆς
960 881 1093 945 Ἀντοσνίυ

135 979 297 1067 οκοκρασίας
311 980 432 1062 ὀφείλειν.
468 979 631 1044 Strabonis
646 981 738 1044 verba
749 981 812 1043 111.
827 1003 861 1067 p.
873 994 948 1065 251.
963 983 1011 1046 B:
1034 982 1093 1069 ἔχει

144 1106 206 1145 τινα
226 1081 470 1167 γυναικοκρασίαν·
495 1087 563 1143 τοῦτο
585 1083 607 1142 δ’
629 1085 658 1143 οῦ
674 1082 753 1144 πάνυ
771 1086 929 1161 πολιτικὸν,
949 1084 1095 1169 apposuit

135 1204 156 1245 ι.
167 1184 296 1247 Scottus
310 1181 342 1245 in
356 1180 507 1267 Append.
521 1180 563 1245 ad
576 1180 669 1244 Thes.
685 1202 719 1266 p.
733 1198 806 1266 757.
837 1183 939 1268 Igitur
952 1183 1093 1269 ejusdem

135 1282 189 1347 test
202 1282 362 1367 potestatis
375 1303 413 1345 ac
431 1280 642 1365 γυναικομανία,
661 1281 841 1365 γυναιμανία,
856 1282 1047 1368 muliarosttas
1059 1298 1095 1350 et

135 1381 195 1449 hu
216 1385 423 1472 intemperans,
441 1384 484 1448 est
502 1384 588 1447 enim
603 1406 623 1447 a
640 1388 738 1472 κρᾶσις
756 1398 1031 1472 temperamentum:
1054 1400 1094 1451 ut

135 1483 345 1571 ‚estinsanienr,
360 1506 380 1548 a
392 1483 514 1566 μαίνανο
538 1497 709 1571 tuetmque
722 1486 753 1551 se
767 1485 878 1551 eadem
888 1487 1020 1573 originis
1031 1510 1092 1553 no-

135 1581 200 1664 ble,
213 1607 277 1672 qua
290 1584 427 1672 ἀκρασία,
441 1584 587 1672 ιῦκρασία,
601 1584 767 1671 δυσκρασία,
782 1587 965 1672 ἑωλοκρασία.
1000 1588 1091 1655 Con·

135 1682 213 1751 stum
230 1686 356 1751 videtur
369 1698 402 1750 et
420 1698 595 1772 cognatum
615 1686 833 1774 γυναικοκρατία
846 1687 987 1751 muliebre
1000 1688 1092 1775 impe-

135 1810 164 1867 Ι,
175 1786 257 1875 quod
270 1788 349 1851 item
363 1785 491 1866 dicitur,
505 1800 543 1852 ut
557 1787 749 1876 ἆριςοκρατία,
765 1787 946 1874 δημοκρατία,
960 1803 995 1852 et
1008 1789 1094 1852 fimi·

135 1908 352 1975 tquamquam
372 1887 480 1974 potius
502 1888 545 1952 est
571 1888 675 1967 affine,
698 1910 718 1952 a
746 1889 857 1975 κράτος,
886 1887 1006 1975 κρατίο,
1033 1910 1094 1953 neo

135 1988 315 2067 rtroversum,
329 1987 447 2075 quippe
461 1986 582 2052 ratione
592 2000 626 2053 et
639 1988 698 2052 usu
712 1988 891 2052 firmatum:
906 1988 993 2073 apud
1004 1988 1094 2055 Plut-

135 2084 203 2153 uim
215 2088 462 2176 Apophthegm.
483 2110 515 2174 p.
532 2086 604 2174 198.
618 2088 669 2152 D:
692 2090 833 2174 Lycurg.
847 2109 881 2174 p.
891 2104 946 2170 47.
960 2090 1004 2151 E:
1028 2089 1094 2152 Ca·

135 2190 239 2279 aMoj.
262 2213 295 2278 p.
310 2210 385 2276 340.
397 2191 445 2254 B:
471 2187 674 2254 Aristotelem
690 2191 770 2274 Rep.
782 2190 825 2251 V.
843 2208 894 2252 11.
908 2201 943 2252 et
961 2214 1095 2274 γινωκυ-

135 2290 245 2375 σίρτνοο,
263 2293 308 2358 ib.
324 2294 369 2357 ll.
383 2310 415 2376 7.
453 2294 560 2372 Porro,
579 2290 800 2377 γυναικοκρασία
820 2291 864 2355 est
885 2292 918 2354 in
937 2292 1026 2372 viris,
1044 2293 1097 2380 qui

135 2390 375 2459 autoribus
389 2393 481 2455 dediti
492 2394 592 2479 sunt:
613 2392 844 2480 γυναικοκρατία,
863 2393 895 2456 in
913 2392 1095 2475 mulieribus,
1116 2456 1125 2476 ,

135 2490 299 2582 abpmium
319 2492 456 2555 obtinent.
494 2492 668 2571 Caeterum,
691 2507 729 2556 ut
747 2493 892 2578 ἀκράτεια,
911 2494 1093 2582 impotentia,

135 2592 288 2673 trementia,
316 2606 349 2657 et
372 2591 508 2678 ἀκρασία,
536 2593 726 2678 intemperies,
755 2593 992 2680 intemperantia,
1020 2618 1096 2660 culn
1129 2647 1132 2650 Α

135 2693 358 2780 ιὸοιὶρῑοσωυ,
384 2705 453 2757 tum
481 2715 586 2758 errore
612 2693 824 2771 librariorum,
854 2693 935 2778 saepe
963 2695 1095 2758 confusa

135 2794 255 2879 at,quafi
266 2793 392 2882 ἀκρασία
411 2792 493 2857 faeta
511 2791 585 2856 effet
601 2815 640 2856 ex
653 2814 730 2857 voce
751 2791 921 2878 ἀκρατησία,
936 2793 1023 2878 quod
1046 2807 1095 2856 ta·

135 2894 273 2960 unuani
287 2907 457 2980 repugnat,
477 2892 552 2959 licet
571 2893 653 2957 forte
673 2891 822 2979 opinione
836 2892 958 2978 vulgari
979 2894 1096 2979 proba·

135 3010 162 3071 u,
183 3018 237 3061 nec
258 2995 475 3082 improbatum
498 2994 593 3058 fuerit
615 2997 661 3057 H.
681 2992 844 3079 Stephano
864 2993 956 3058 Thes.
977 2996 1015 3057 L.
1038 2997 1096 3058 Gr.

138 3094 173 3160 ΙΙ.
193 3119 224 3183 p.
243 3117 314 3181 134·
337 3108 370 3160 et
390 3111 472 3179 405:
502 3094 547 3159 ita
567 3109 678 3180 putem
700 3092 811 3159 eadem
833 3094 1009 3160 temeritate
1030 3095 1096 3160 duo

135 3199 306 3278 unomina,
327 3195 561 3283 γυναικοκρασίαν
582 3208 615 3260 et
636 3195 879 3283 γυναικοκρατίαν,
901 3195 1021 3284 agitata
1041 3197 1094 3261 su·

135 3416 169 3466 to.
180 3404 222 3467 A.
246 3404 363 3486 Είματοί
375 3408 399 3466 τ’
415 3400 598 3487 {Emporia-ff
624 3400 731 3488 Odyss.
746 3405 788 3464 Θ.
804 3419 877 3487 249.

135 3518 168 3567 ιο.
181 3505 224 3569 A.
245 3506 328 3567 Ἀλλ’
343 3502 398 3588 οἶγε
411 3506 495 3589 δῆ-]
522 3500 630 3590 Odyff.
645 3507 686 3565 Θ.
701 3521 775 3588 492.

135 3620 167 3668 to.
180 3606 223 3670 A.
245 3606 384 3692 σωφρόνων
399 3604 445 3686 καί
456 3612 513 3668 νοῦν
527 3605 656 3690 ἑχόντων]
679 3606 760 3669 Haec
769 3627 869 3691 quum
884 3603 1094 3669 differentiam

135 3720 258 3791 promtu
278 3707 410 3793 pofitam
427 3706 576 3785 habeant,
592 3701 820 3793 ¹temperantium
840 3719 874 3769 et
896 3703 1097 3791 prudentium,

135 3804 254 3889 phanus
283 3805 373 3884 illud,
396 3805 469 3870 loco
492 3805 604 3869 veteris
628 3804 771 3869 lefflorris
794 3803 937 3890 φρονίμων,
965 3802 1097 3887 recepit.

135 3905 175 3991 {ui
189 3906 277 3971 haud
291 3904 433 3970 diffimile
446 3905 489 3969 est
505 3904 642 3969 Platonis
656 3906 737 3988 Leg.
751 3904 811 3965 xl.
831 3901 933 3980 initia,
954 3907 1010 3964 νοῦν
1026 3901 1099 3988 ἔχων

135 4030 206 4092 γυναι
232 4005 394 4070 Plutarchi
407 4004 490 4069 Adv.
505 4004 604 4069 Stoic.
620 4024 653 4088 p.
668 4017 759 4086 1077.
774 4005 821 4066 E:
845 4007 934 4076 κοινοίς
948 4000 1042 4089 φρίνας
1055 4006 1097 4066 δι·

135 4106 209 4189 ικαὶ
230 4108 315 4172 κοινὸν
333 4115 400 4169 νοῦν.
435 4125 489 4186 42.
511 4107 553 4170 D.
574 4105 698 4170 Theseo
718 4125 750 4191 p.
765 4123 797 4190 3.
819 4104 867 4169 B:
895 4109 969 4188 perri
989 4112 1031 4168 νοῦ
1052 4093 1099 4184 καί

135 4204 223 4285 iras:
254 4205 333 4272 item
354 4209 432 4291 σορὸς
452 4219 485 4271 et
503 4205 623 4292 φρόνιμος
636 4205 821 4293 junguntur
837 4204 921 4270 Adv.
942 4204 1041 4269 Stoic.
1064 4224 1097 4288 p.

135 4309 169 4375 i1.
183 4313 225 4378 C.
254 4312 347 4394 1067.
362 4311 404 4374 A.
436 4310 520 4377 Adv.
544 4306 672 4394 Epicur.
695 4330 728 4395 p.
750 4309 841 4372 1106.
862 4307 902 4371 C.
937 4302 1097 4389 Aristoph.

135 4431 155 4476 ι.
167 4427 243 4498 537.
255 4413 371 4499 -στρῦς
383 4410 474 4498 ἆνῦρίς
487 4415 527 4484 ἐςι
545 4417 601 4474 νοῦν
615 4408 724 4495 ἔχοντος
738 4407 784 4490 καὶ
797 4405 946 4495 φρίκας-.
969 4405 1097 4471 Thesm.

135 4631 172 4679 to.
184 4612 222 4678 B.
239 4612 336 4703 ''Oppa
348 4612 458 4702 ίῦρς-]
484 4610 573 4679 Iliad.
586 4613 625 4674 Ο.
638 4629 691 4695 32.

141 4734 224 4782 V01n
238 4735 292 4783 VI·
618 4732 637 4777 P
