2684 5258
1088 432 1101 449 ἐ

154 696 178 709 “’
211 692 218 701 “
259 692 263 697 ’
289 690 524 792 ”eumcum
542 732 598 792 nn
616 732 821 792 sucrona
1045 744 1086 809 ⁵⁷

46 894 150 957 λᾶπια
170 892 302 973 saleim.
348 895 463 981 Spreto
476 890 607 982 'vulgati
626 898 883 978 βαλλαπνννομὸν,
902 907 941 960 ut
956 918 1087 982 compa·

45 993 134 1058 ratio
153 1008 190 1059 et
210 992 343 1082 argutia
362 995 517 1060 constaret
536 1017 608 1082 quar
626 995 667 1060 ad
686 998 787 1071 σκοπὸς
805 995 986 1078 referretur,
1002 997 1091 1064 finxit

47 1094 200 1180 ineptum
215 1110 251 1160 et
264 1094 420 1183 frigidum
436 1095 499 1161 hoc
512 1097 674 1179 βαλλάντια
685 1099 811 1176 τοξεύειν.

96 1198 132 1261 Ρ.
147 1219 181 1284 9.
197 1194 240 1291 Ο.
264 1196 325 1259 Kal
345 1198 391 1260 stol
411 1203 479 1260 τῦτο
501 1201 530 1260 orl
549 1197 627 1280 μόνον
646 1199 821 1287 ἔγςῆγοςσνς,
841 1186 921 1263 asna
939 1198 986 1279 xa)
1002 1198 1091 1270 ὗπθ
1183 1270 1191 1297 ⁸

51 1295 161 1384 usquin.
217 1298 273 1362 An
301 1320 381 1385 ergo
410 1298 539 1363 somnus
563 1313 598 1364 et
624 1300 740 1388 vigilia
768 1300 938 1387 aliquando
964 1302 1090 1364 inventa

55 1398 145 1477 sunt,
157 1410 251 1463 antea
263 1398 379 1487 ignota
392 1398 541 1464 suerunt?
567 1403 605 1465 ln
620 1400 820 1466 comoediam
835 1415 868 1467 et
881 1401 994 1491 jocum
1009 1402 1090 1469 istud

56 1492 161 1577 cadit,
175 1522 238 1565 non
252 1500 286 1564 in
301 1499 413 1565 seriam
426 1500 640 1587 scriptionem.
683 1504 769 1568 Nam
784 1501 872 1590 quod
883 1502 1023 1591 εὑρίσκειν,
1037 1504 1087 1567 in·

56 1600 172 1681 venire,
191 1622 435 1689 nonnumquam
456 1624 515 1687 pro
536 1625 730 1690 comparare,
751 1605 924 1690 acquirere,
939 1605 1087 1687 nancisci,

54 1701 185 1783 dicitur,
201 1702 290 1768 hunc
304 1702 412 1768 locum
428 1726 491 1767 non
506 1704 547 1767 ab
560 1704 688 1790 ineptiae
702 1718 778 1770 nota
791 1706 914 1771 liberat.

99 1806 135 1869 P.
153 1824 204 1869 10.
220 1807 267 1870 Fr
294 1808 344 1881 τὴν
363 1813 417 1867 τῶν
438 1804 610 1892 ἀνθρωπίνων
630 1806 766 1894 pompina
781 1806 867 1887 πὶςιν,
886 1806 967 1873 dixit
989 1806 1090 1873 studio

53 1903 203 1991 argutiae,
226 1904 260 1967 ni
283 1902 386 1983 fallor,
406 1919 519 1969 contra
532 1907 656 1970 Graecae
676 1907 796 1994 linguae
815 1906 1088 1991 consuetudinem,

54 2027 121 2090 qua
135 2003 180 2069 iei
194 2004 311 2069 notitia
324 2003 458 2091 alicujus
479 2004 619 2070 hominis
639 2006 848 2070 taciturnitati
861 2019 895 2071 et
909 2007 980 2072 fidei
997 2031 1087 2073 com-

55 2106 147 2171 miffa
160 2128 226 2171 non
239 2105 381 2194 μυςῆςων,
395 2106 446 2170 sed
463 2106 610 2193 ἀπόρρητον
624 2130 778 2186 arcanum,
793 2106 920 2172 dicitur.

57 2200 64 2209 ⁸
101 2208 138 2272 P.
153 2226 206 2289 14.
222 2205 273 2270 C:
295 2204 509 2295 συμπνςνλαέεἶν
529 2212 581 2280 τὰς
602 2205 790 2294 magnericus,
812 2230 852 2272 eo
873 2207 974 2288 sensu,
995 2230 1090 2294 quem

56 2307 114 2371 hic
136 2306 231 2371 locus
254 2305 398 2391 postulat,
423 2307 534 2371 naonita
550 2305 640 2393 fasso
663 2306 787 2394 explere,
810 2308 937 2397 exsequi,
960 2330 1024 2374 non
1047 2309 1092 2375 est
1211 2391 1214 2397 .

59 2409 217 2493 probum.

105 2510 178 2573 Jam
201 2508 232 2572 in
256 2508 364 2596 figuris
385 2524 517 2595 apparet
538 2507 673 2574 studium
691 2509 914 2575 concinnitatis
930 2525 963 2576 et
977 2512 1089 2577 venus·

60 2609 134 2674 tatis
154 2626 190 2673 ut
210 2608 367 2696 liigidum
387 2626 421 2674 et
442 2632 461 2674 a
480 2634 514 2675 re
533 2610 598 2696 ipsa
618 2610 768 2691 alienum,
787 2610 831 2675 ita
845 2612 947 2698 magis
960 2614 1091 2678 etiama

62 2710 222 2774 Plutarchi
237 2711 468 2775 consuetudine
482 2712 665 2790 abhorrens,
682 2712 735 2797 qui
755 2726 811 2775 aut
827 2714 1021 2797 paucissimas
1035 2732 1092 2782 aut

62 2813 167 2876 nullas
180 2813 278 2876 hahet
292 2813 422 2898 figurae,
437 2828 522 2877 certe
537 2813 690 2898 nusquam
705 2820 757 2877 eas
772 2815 979 2878 consectatur.
1016 2819 1091 2879 Hu-

54 2913 195 3002 jnsmodi
220 2914 310 2979 locos
334 2914 450 2999 partim
476 2914 568 2999 supra
590 2912 756 3000 attigimus
782 2914 866 2978 Sett.
888 2917 933 2976 ll.
958 2918 1040 2978 Part.
1063 2919 1090 2980 I.

60 3016 139 3101 Cap.
156 3017 182 3079 Ι.
206 3015 239 3097 5.
255 3034 288 3080 2.
307 3016 411 3077 Num.
427 3032 457 3097 7.
480 3029 513 3078 et
539 3015 620 3101 Cap.
636 3017 679 3077 II.
704 3014 735 3094 ξ.
753 3033 783 3077 2.
807 3014 921 3099 partim
943 3014 1092 3100 sequente

57 3117 160 3201 capite
174 3115 376 3195 notabimus,
392 3115 445 3181 ubi
465 3115 505 3179 de
524 3114 674 3180 orationis
690 3114 802 3180 habitu
820 3130 853 3179 et
866 3117 1091 3203 compostione

54 3217 189 3284 dicetur.

470 3474 586 3540 CAP.
622 3477 683 3539 111.

279 3636 331 3698 Dc
347 3634 496 3700 Orationis
510 3635 614 3699 habitu
629 3650 657 3700 et
672 3638 874 3723 campestrium.

105 3821 267 3888 Plutarchi
290 3822 393 3886 oratio
415 3824 533 3888 constat
556 3824 621 3888 scre
643 3822 919 3889 enunciationibus
938 3825 1091 3912 longiori·

63 3923 120 3985 bus
134 3922 241 3987 dnstis
259 3921 516 4006 continuatisque
538 3924 699 3987 minorum
721 3922 992 4003 enunciationum,
1008 3941 1091 3989 tam·

65 4047 157 4109 quam
181 4023 337 4110 partium,
361 4024 661 4108 comprehensione:
695 4045 798 4109 neque
825 4025 896 4089 sane
919 4026 1015 4093 habet
1037 4044 1093 4093 aut

69 4125 251 4189 facilitatem
265 4138 323 4188 aut
337 4124 579 4209 simplicitatem,
599 4148 663 4189 nou
686 4125 823 4189 multum
838 4126 988 4192 dissimilis
1002 4130 1093 4193 Thu·

70 4226 207 4310 eydideae
222 4226 336 4288 formae
349 4225 397 4288 rel
419 4226 600 4291 Platonicae.
636 4228 683 4289 At
700 4227 731 4290 in
749 4227 810 4291 hoc
824 4228 931 4293 libello
945 4229 1039 4313 plane
1053 4232 1096 4293 est

71 4325 181 4391 tlirersa
208 4325 417 4408 compositio:
448 4324 686 4390 enunciationes
713 4327 900 4412 plerumque
921 4330 1035 4391 breves
1063 4345 1096 4393 et

71 4427 210 4506 concisae,
239 4426 346 4488 forma
369 4424 601 4511 propemodum
631 4428 795 4505 Isocraten,
821 4450 860 4490 ex
882 4449 999 4512 genere
1028 4429 1097 4517 ejus

72 4532 278 4613 eagarrmaqt
317 4525 402 4610 quod
430 4527 690 4591 enunciationum
722 4527 1009 4593 conformationem
1038 4531 1096 4595 ali·

74 4648 186 4710 quanto
201 4628 304 4692 habet
317 4627 422 4693 minus
436 4627 598 4694 diductam
617 4628 779 4717 magisque
801 4626 995 4698 adstrictam:
1019 4631 1097 4698 item
