2684 5258
284 342 344 400 ⁵46
429 341 468 400 D.
477 341 530 399 W.
544 338 751 399 ANIMADV.
772 338 820 398 IN
839 336 1074 399 PLUTARClss
1093 337 1172 397 LIB.

287 502 482 590 τραγματιίας
498 501 630 575 ἐςί-καί
641 505 673 566 τέ
687 504 746 588 περὶ
759 509 813 565 τῶν
824 508 1074 590 τροκαταρκτνκῶν
1087 496 1195 562 αἰτιῶν.
1228 496 1301 562 Con·

158 648 163 658 .
288 602 408 666 feratur
427 604 540 666 Foefius
555 605 678 667 OEcon.
693 603 848 687 Hippocr.
871 624 903 687 p.
917 621 993 686 320.
1031 599 1223 665 Plutarchus
1233 598 1300 662 Ale.

290 702 390 767 Stoic.
413 724 445 788 p.
464 705 556 786 1056.
572 704 621 766 B:
649 708 886 790 προκαταρκτικὴν
909 703 989 783 pieri
1013 705 1127 765 ἐποιεῖτο
1151 704 1200 778 τὴν
1222 704 1297 783 τίμρ·

289 803 423 884 pirae-m
656 884 659 889 .

334 921 386 985 74.
400 907 443 968 A.
467 903 619 987 ίςαμένους]
646 905 721 968 Hoc
734 917 820 968 certe
834 903 1025 968 mutandum
1046 901 1080 966 in
1094 902 1218 980 ίςαθαςι
1237 919 1295 983 pep-

290 1000 378 1084 μέτονς
399 1001 418 1063 sr
441 1001 566 1064 codices
588 1001 711 1084 darent,
730 1003 926 1087 acciperem:
951 1023 1016 1065 nou
1030 1000 1195 1078 dantibus,
1208 998 1293 1083 acqui·

290 1101 361 1165 esco
376 1100 409 1163 in
428 1100 589 1187 ρερομένηνι
613 1101 814 1187 interpretor,
838 1114 866 1164 et
884 1101 1029 1186 adversus
1050 1101 1207 1195 qucardam
1221 1122 1294 1163 νντνν
1331 1114 1334 1127 “

291 1203 440 1287 impetum,
456 1225 519 1264 cum
531 1202 714 1265 vehementia
730 1213 871 1278 ruentem,
892 1213 993 1266 eontra
1015 1199 1165 1286 olfisterc:
1191 1198 1293 1286 φίρεθα,

176 1360 180 1367 ,
292 1326 386 1381 ruere,
410 1327 472 1364 eum
493 1304 600 1389 impetu
611 1300 707 1387 ferri,
731 1303 878 1388 frequens
899 1302 952 1381 est,
972 1315 1007 1365 et
1025 1301 1121 1386 supra
1132 1299 1290 1386 attigimus:

291 1403 397 1479 ίς-αθαρ
410 1402 473 1488 τρίς
493 1429 532 1479 τι,
554 1402 676 1488 resistere
690 1403 800 1466 alicui:
824 1401 1011 1466 Plutarchus
1035 1404 1160 1489 Fragm.
1183 1402 1210 1464 l.
1225 1421 1251 1481 4
1267 1421 1290 1484 p.

293 1506 353 1583 461
369 1529 376 1567 :
402 1505 523 1584 ίςάμεθα
534 1506 606 1589 πρὸς
619 1508 666 1581 τὴν
680 1504 795 1567 διάδοσιν
807 1513 855 1567 τοῦ
872 1504 977 1583 πάθες,
994 1503 1148 1589 refistimas
1160 1517 1253 1591 progr:
1268 1501 1292 1562 ui

294 1604 379 1667 mali.
408 1604 521 1668 AEmil.
542 1603 629 1667 Paul.
650 1628 682 1689 p.
700 1620 772 1689 259.
790 1605 838 1667 C:
861 1607 934 1692 πρὸς
955 1608 1001 1668 τὸν
1025 1604 1153 1686 πόλεμον
1173 1601 1288 1683 &miella

262 1691 268 1706 ’
294 1707 409 1792 restria,
431 1707 485 1772 nu
506 1707 726 1792 accipiendum
742 1706 885 1794 applicuit
894 1708 932 1792 se
948 1705 1033 1785 saio,
1047 1720 1087 1770 ut
1108 1705 1288 1770 Demosthene

295 1807 369 1889 856.
385 1808 427 1870 A.
450 1808 522 1891 πρὸς
543 1807 574 1868 τὸ
598 1808 681 1868 κοινὸν
705 1804 838 1886 ίςᾶμενον,
861 1804 1059 1892 applicantem
1069 1807 1108 1893 se
1129 1802 1288 1891 reipublice:

294 1904 447 1969 Eusebius
470 1907 570 1988 Praep.
593 1907 715 1990 Evang.
734 1905 795 1968 XI.
821 1927 854 1991 p.
868 1925 943 1992 509.
965 1907 1020 1970 A:
1051 1906 1233 1990 ίςατσς·ντρές
1247 1902 1289 1972 ui:

294 2009 338 2067 aa
359 2015 412 2069 τῶν
431 2007 608 2091 Ἀρνςοτέλνς
629 2012 666 2070 ταὶ
689 2008 841 2082 Πλάτωνος
862 2008 1070 2093 ύτνχννμέννςε
1096 2007 1207 2095 opponi!
1216 2004 1288 2094 sciis,

293 2105 345 2192 qai
358 2121 410 2192 per
425 2105 611 2190 Aristotelia:
624 2108 740 2196 placita
754 2110 915 2172 dotlrinam
931 2109 1068 2174 Platonis
1079 2113 1117 2196 fi
1130 2108 1205 2172 tucri
1221 2105 1288 2196 priſs-

294 2219 402 2272 tentur.
436 2209 527 2274 XIV.
548 2231 580 2295 p.
597 2227 670 2296 737.
685 2211 737 2274 A:
760 2213 832 2296 πρὸς
845 2211 888 2285 οὓς
901 2213 948 2274 καί
964 2215 1087 2296 ἐρνςικῶς
1101 2212 1229 2293 ίςᾶμτνος,
1242 2208 1289 2296 pti·

296 2309 349 2372 bus
362 2311 398 2396 se
419 2311 587 2395 contentiose
606 2326 758 2397 opponens.
795 2310 943 2376 Addatur
962 2312 1156 2376 Abrclchius
1176 2307 1290 2376 Dilucid.

293 2410 442 2498 Thucyd.
472 2433 504 2497 p.
521 2414 593 2477 281.
628 2416 700 2477 Jam
725 2415 755 2489 ἐξ
773 2413 905 2491 ἐναντίας,
929 2412 1073 2501 adversus
1090 2438 1175 2500 quem
1194 2409 1291 2498 obsistas

294 2524 406 2591 contra,
427 2513 505 2576 item
524 2514 635 2577 usitata
656 2513 752 2578 dietio
773 2512 964 2578 Plutarcho:
992 2515 1111 2582 Solert.
1126 2514 1252 2579 Animal.
1268 2532 1290 2595 p·

295 2615 369 2696 978.
387 2614 434 2677 C:
456 2615 583 2698 μάχεταρ
607 2619 637 2691 ἐξ
658 2614 789 2688 ἐναντίας.
821 2615 1019 2679 Αάν.8ωἱο.
1046 2633 1139 2701 1045.
1155 2617 1194 2680 C.
1223 2612 1290 2678 Alci·

293 2712 378 2774 biad.
403 2715 474 2777 208.
490 2714 535 2776 B:
563 2717 593 2790 ἐξ
612 2713 733 2786 ἐναντίας
745 2719 819 2795 μετὰ
838 2722 891 2775 τῶν
911 2712 1001 2777 ὅπλων
1022 2715 1218 2802 ἐπιφερομένας.
1248 2713 1290 2775 Pe·

293 2811 393 2895 lopld.
411 2815 482 2876 286.
497 2815 551 2876 D:
566 2811 716 2876 eutherio
729 2818 759 2891 ἐξ
773 2815 893 2888 ἐναντίας
907 2819 1009 2888 αὐτοῖς.
1038 2818 1184 2881 Eumene
1196 2839 1225 2902 p.
1236 2814 1290 2897 587.

292 2913 339 2975 B:
368 2920 422 2974 τῶν
443 2914 529 2973 ίππων
549 2916 579 2989 ἐξ
599 2914 720 2987 ἐναντίας
741 2915 792 2999 βίᾳ
813 2917 1015 2996 συμπεσίντων.
1053 2922 1156 2981 Arato
1176 2940 1207 3003 p.
1223 2913 1292 2996 1036·

293 3014 331 3075 F.
360 3010 492 3098 Aliquid
507 3013 690 3077 monuimus
704 3014 800 3078 etiam
815 3015 896 3081 Bibl.
911 3015 993 3080 Crit.
1008 3016 1084 3080 Vol.
1098 3017 1161 3080 lll.
1178 3018 1250 3081 Parc
1260 3012 1291 3076 ll.

337 3233 389 3298 74·
404 3217 442 3279 Β.
465 3192 508 3279 si
529 3219 561 3279 u
585 3220 696 3302 pie...]
728 3219 816 3305 Quia
839 3221 892 3284 su
914 3221 977 3284 hoc
999 3220 1086 3300 veut,
1106 3221 1216 3285 volem
1234 3219 1292 3287 ism

293 3317 495 3402 explicassent
510 3318 566 3381 viri
580 3318 756 3397 douiffimi,
773 3320 827 3404 qui
843 3321 928 3384 hunc
943 3321 1112 3405 Sophoclis
1125 3322 1228 3385 locum
1245 3332 1293 3381 ua·

293 3419 421 3482 &arunt
441 3420 584 3504 Toupius
606 3423 666 3504 Ep.
682 3420 764 3484 Crit.
787 3442 819 3505 p.
838 3441 908 3506 133.
931 3437 964 3485 et
985 3421 1167 3485 Brunckius
1188 3422 1217 3484 in
1235 3417 1293 3483 edit·

290 3521 461 3605 Sophoclis
473 3523 513 3584 T.
530 3523 573 3585 ll.
591 3524 717 3607 Fragm.
741 3542 772 3606 p.
792 3542 841 3584 10.
877 3523 929 3586 Est
952 3522 1081 3607 quidem
1101 3521 1153 3585 hic
1172 3522 1253 3585 locus
1267 3536 1295 3580 ex

293 3624 461 3709 Sophoclis
482 3624 644 3709 Συνδείτνῳ,
668 3624 824 3703 Convicio,
842 3624 944 3688 Coena.
980 3624 1044 3689 Sed
1067 3624 1113 3688 nil
1133 3625 1255 3700 constat,
1272 3620 1295 3681 in

293 3725 348 3790 illa
361 3725 468 3790 fabula
488 3725 650 3789 Achillem
673 3725 838 3789 indultum
854 3726 944 3789 fuiffe
959 3725 1074 3822 iratutp
1094 3728 1184 3792 διὰτὸ
1205 3728 1295 3795 erm,

288 3839 408 3914 psopter
422 3851 551 3890 cunam:
575 3826 629 3889 nisi
645 3848 733 3912 erg0‚
756 3841 793 3890 ut
815 3827 847 3890 in
869 3824 1013 3912 Satyrico
1027 3826 1182 3904 dramate,
1198 3825 1253 3889 hoc
1264 3821 1295 3884 ri·

293 3928 390 3992 diculi
414 3927 517 3992 cautla
545 3926 634 3989 finxit
663 3939 769 4013 poeta,
793 3948 851 4011 pro
873 3926 1034 3989 celebrata
1058 3924 1113 3989 illa
1136 3927 1190 3989 irae
1214 3920 1296 3988 cautla

277 4078 280 4083 ,
293 4024 423 4114 propter
437 4043 561 4114 raptam
575 4027 769 4114 Bryseidem,
784 4028 1013 4091 frustrationem
1036 4050 1138 4090 coenae
1159 4041 1214 4090 aut
1230 4022 1294 4088 fimi·

291 4128 356 4192 lem
370 4129 548 4213 jocularem
566 4128 700 4191 caullam
719 4128 925 4190 substituens:
949 4127 1014 4203 nil,
1030 4127 1174 4211 iuquam,
1191 4127 1247 4191 hoe
1258 4123 1272 4185 l
1283 4154 1295 4166 ·

292 4227 372 4290 cerit
386 4245 491 4313 poeta,
508 4229 548 4293 de
562 4252 628 4315 quo
641 4230 771 4293 statuere
786 4250 850 4292 nou
862 4227 1036 4314 possumus,
1059 4227 1147 4292 haud
1161 4228 1259 4312 inepta
1269 4220 1296 4284 fit
