2684 5258
286 743 345 805 ne
364 744 590 806 Annrnnors
610 746 756 807 roarrs.
777 765 806 824 p.
817 756 867 807 22.
879 748 916 807 a.
1057 756 1115 810 aaa

135 904 269 995 ilosopbus
282 931 344 972 non
353 909 445 996 sunm
462 910 520 996 ipsi
533 909 690 975 orationem
705 909 845 974 excolat?
867 910 922 975 De
930 907 1118 974 -nominibue

135 1034 167 1087 ις,
179 1023 212 1073 et
224 1008 296 1087 ἄλη,
317 1007 459 1096 ejusdem
475 1024 509 1074 et
527 1009 659 1097 originis
673 1024 707 1075 et
721 1009 892 1095 potestatis,
907 1009 977 1074 aliie
994 1010 1116 1076 Plutar-

135 1111 235 1176 ilocie
248 1112 408 1178 dicemus.

140 1228 184 1279 22.
198 1214 237 1277 E.
259 1216 295 1287 ὥς
310 1212 467 1299 Εὐριπίδης,
483 1218 572 1289 Κῆτος
585 1213 697 1297 θοάζον]
725 1212 844 1277 Incerti
859 1210 1010 1277 dramatis
1024 1213 1119 1277 verbo

135 1311 201 1376 :hoe
211 1312 284 1377 loco
299 1312 332 1377 in
346 1316 538 1399 Fragmenta
550 1313 660 1379 retulit
670 1313 870 1400 Musgravius
880 1315 982 1378 Num.
993 1313 1116 1379 CXIV.

135 1408 223 1475 ‘rietur
236 1412 269 1475 in
283 1411 525 1475 Andromedam
538 1412 715 1476 convenire.

147 1513 232 1577 ttAE.
253 1512 404 1589 θαάσσειν,
418 1513 452 1585 ιάς
466 1511 663 1597 Σοφοκλῆς-ἦ
690 1511 804 1599 OEdipi
817 1514 893 1600 Tyr.
909 1513 1013 1593 initio,
1027 1515 1117 1580 versu

135 1652 141 1671 .
166 1612 268 1675 Unum
290 1611 440 1697 idemque
461 1614 590 1677 verbum
609 1613 713 1684 θοάζον
733 1614 813 1677 duas
826 1615 939 1700 easque
953 1637 972 1679 e
986 1616 1116 1701 regione

135 1709 223 1777 niuem
245 1713 405 1801 oppositas
421 1714 661 1801 significationes
676 1715 803 1796 habere,
822 1717 939 1781 mirum
956 1718 1009 1781 cui
1029 1717 1115 1780 acci-

135 1824 165 1877 u.
193 1815 277 1879 Nam
295 1816 328 1878 in
350 1815 388 1878 iis
408 1816 548 1902 quidem,
565 1840 636 1903 quae
649 1817 806 1905 disjunom
821 1820 965 1904 opposita
977 1821 1061 1898 sunt,
1083 1819 1117 1884 id

135 1912 352 2001 iin'duabue
379 1918 489 1981 t'onnis
517 1918 657 2003 ejusdem
682 1921 827 2005 generis,
855 1919 936 1983 ratio
964 1936 1115 2006 apparet:

135 2014 200 2097 turi,
213 2016 353 2107 ἄνθρωπος
370 2033 405 2083 et
415 2021 516 2083 virum
531 2035 563 2083 et
578 2021 727 2084 mulierem
741 2033 844 2098 notat,
864 2022 938 2107 quie
959 2022 1031 2087 sunt
1047 2024 1115 2089 for·

135 2136 162 2182 te
177 2119 315 2206 ejusdem
336 2121 473 2207 generis.
513 2122 560 2184 At
580 2120 613 2184 in
627 2119 752 2186 duabus
765 2119 826 2213 illie
841 2121 1118 2207 significationibus

135 2219 179 2285 ui
198 2223 312 2301 θοάζον,
324 2223 451 2307 fidendi
472 2234 506 2284 et
526 2221 670 2301 irruendi,
695 2221 795 2287 altera
815 2223 859 2287 est
879 2222 995 2310 quietis,
1019 2224 1119 2288 altera

135 2334 200 2403 οῑνις
221 2346 293 2411 qnae
316 2325 361 2387 ita
382 2325 453 2386 sunt
475 2323 637 2408 opposrtae,
659 2338 697 2386 ut
717 2324 774 2387 sub
794 2323 908 2389 eodem
928 2347 1047 2410 genere
1065 2325 1116 2390 in-

135 2418 196 2510 iligi
215 2440 387 2512 nequeant,
411 2424 464 2486 nisr
489 2425 507 2486 fi
531 2424 592 2488 hoc
614 2445 718 2509 genus
740 2424 775 2487 fit
796 2430 811 2502 ἡ
833 2425 965 2503 διάθεσις,
987 2426 1116 2512 aſjeHio,

135 2534 157 2585 tt
175 2525 276 2590 imile.
325 2528 398 2592 Janr
426 2525 534 2610 negari
563 2526 672 2611 nequit
700 2525 732 2589 in
760 2526 967 2613 Etymologia
993 2530 1116 2593 Graecae

135 2643 209 2710 ngue
222 2648 373 2713 apparere
389 2625 515 2711 vestigia
533 2626 705 2712 diligentiae
724 2625 853 2711 infignis
872 2626 910 2689 in
920 2626 1117 2692 distinetione

135 2727 261 2813 otionum
282 2729 623 2813 accommodandisque
648 2728 763 2791 harum
785 2728 925 2792 varietati
945 2729 1117 2794 vocabulis.

135 2823 170 2890 'ed
184 2827 260 2908 hrec,
277 2830 382 2917 quoad
404 2843 571 2915 apparent,
590 2827 815 2906 consestanda3
840 2850 916 2905 non,
935 2828 991 2891 ubi
1008 2827 1118 2892 defici·

135 2939 173 3006 nt,
185 2930 339 3017 fingenda,
362 2952 421 2994 nec
442 2929 483 2993 ad
502 2929 671 2992 abstrusam
690 2927 943 3013 Metaphysrcam
960 2928 1117 2992 subtilite-

135 3045 166 3092 ἔοι
177 3032 345 3119 redigenda
363 3033 445 3096 sunt.
483 3029 631 3094 Vidimus
651 3029 742 3093 ἀλύειν
756 3042 866 3092 notare
886 3041 920 3092 et
939 3030 1071 3115 gaudere
1085 3044 1119 3094 et

135 3125 205 3195 ιΙιιιι
232 3134 306 3198 sunt
327 3133 413 3197 enim
436 3133 546 3195 fonnae
568 3130 707 3217 ejusdem
728 3130 866 3218 generis,
889 3129 985 3193 animo
1006 3153 1117 3210 errare,

135 3231 217 3298 ouri.
241 3235 334 3298 ldenr
345 3233 520 3296 videbimus
534 3231 594 3297 effe
608 3232 773 3318 negotium
786 3231 872 3297 verbi
883 3231 998 3311 θοάζειν,
1015 3231 1066 3295 sed
1081 3245 1118 3297 ut

135 3350 165 3398 to
181 3336 238 3402 fint
257 3336 378 3400 diversa
397 3336 500 3413 verba,
521 3334 626 3405 θοάζον
635 3335 750 3420 sidere,
771 3348 805 3397 et
821 3334 925 3405 θοάζον
944 3335 1065 3412 irruere,
1084 3349 1119 3399 et

135 3431 248 3521 tiginem
270 3436 482 3523 propinquam
505 3435 644 3499 habeant
664 3434 760 3522 longe
785 3433 947 3514 diversam,
971 3434 1117 3499 ultimam

135 3552 199 3603 tuen
211 3560 431 3605 communem.
467 3539 592 3600 Notum
612 3537 655 3600 est
677 3537 806 3599 verbum
828 3536 895 3616 θέοι,
918 3536 996 3600 item
1010 3536 1118 3621 dupli·

135 3641 315 3705 econtrariae
338 3638 583 3726 fignificationis,
600 3656 685 3725 pono,
705 3651 739 3701 et
757 3661 858 3700 curro:
882 3638 957 3700 hinc
971 3637 1118 3702 novimus

135 3754 209 3805 umen
222 3742 297 3818 θοός,
312 3741 412 3820 velox3
435 3756 469 3804 at
486 3741 558 3817 θοὸς,
576 3739 700 3825 quietus,
721 3759 784 3802 non
803 3738 920 3801 exstat:
942 3739 1050 3813 οθοός,
1064 3761 1115 3800 ee·

135 3858 162 3917 e,
178 3843 218 3906 est
241 3841 358 3920 θοάζειν,
386 3841 518 3904 irruere.-
547 3863 567 3904 a
591 3842 664 3917 θοός,
688 3839 813 3925 quietus,
839 3837 926 3923 quod
951 3837 1055 3922 periit,
1078 3839 1121 3903 est

135 3939 209 4022 Ιοζιι,
221 3944 338 4032 sedere.
370 3943 487 4007 Unde
479 3942 577 4028 igitur
591 3943 644 4005 itta
659 3940 870 4026 repugnantia
883 3940 915 4003 in
931 3941 1025 4005 verbo
1039 3941 1118 4005 θ.’>
1061 3969 1113 4007 uo.

135 4036 255 4109 inimm
278 4067 328 4107 ree
349 4044 390 4108 ab
408 4043 531 4129 orione
552 4045 595 4108 est
616 4041 799 4129 repetenda
836 4042 961 4106 Notum
983 4045 1026 4107 est
1047 4045 1120 4109 fim-

135 4135 208 4207 iix
194 4173 227 4210 ιιι
254 4146 356 4225 ιιιιιιος
387 4143 480 4229 eique
504 4143 642 4229 subjetia
669 4141 735 4221 σέο,
760 4167 868 4221 moveo,
891 4159 924 4208 et
945 4143 1010 4222 τέιο,
1036 4159 1120 4228 pono.

135 4238 212 4311 iulus
225 4247 331 4333 postea
346 4245 467 4323 seculis,
484 4243 615 4308 indutio
627 4250 659 4322 θ,
674 4243 744 4309 haec
758 4243 850 4326 litem
864 4259 1037 4328 utrumque
1052 4266 1121 4308 ver-

135 4362 179 4411 um
190 4348 365 4434 occupavit,
380 4363 413 4413 et
425 4351 520 4412 ambo
534 4347 676 4433 quamvis
694 4348 811 4411 diversa
826 4349 857 4410 'nr
873 4368 970 4410 unam
986 4345 1122 4413 formant

135 4448 216 4534 uegit.
240 4452 346 4538 igitur
357 4450 423 4529 θέοι,
441 4467 528 4538 pono,
545 4451 642 4535 longe
655 4449 741 4512 aliud
756 4452 797 4513 est
809 4472 846 4531 ac
860 4449 926 4526 θέο,
941 4472 1040 4512 curro:
1060 4449 1123 4516 hoc

135 4546 190 4613 uim
206 4555 328 4640 proprie
346 4556 389 4618 est
409 4553 475 4632 σέο,
495 4553 574 4616 iilud
589 4550 653 4614 τέω.
687 4554 738 4615 Ac
759 4577 777 4614 τ
797 4549 927 4635 quidem
941 4549 1124 4635 frequenter

135 4653 295 4736 aramue,
314 4680 334 4720 σ
351 4670 385 4721 et
405 4682 423 4719 τ
443 4668 622 4743 permutata
639 4653 739 4734 fuifl'e,
761 4667 797 4719 ut
820 4653 939 4721 nemini
960 4653 1121 4740 ignotum,
