2684 5258
155 327 215 378 ³5⁸
294 314 333 379 D.
348 318 401 374 W.
420 317 628 376 ANIMADV.
649 315 697 376 IN
716 315 956 377 PLUTARCHI
974 317 1051 376 LIB.

151 482 246 558 βαθεῖ.
283 481 465 567 Mangeyus
487 477 710 566 corrigendum
731 490 848 544 monet
869 479 1088 566 καταδαμθῦνττς
1105 477 1160 542 itm

154 579 267 657 βαθόνε
292 579 443 664 primurn,
458 579 562 644 recte:
585 578 758 664 sequentia,
773 602 840 643 non
855 579 950 645 item.
985 579 1123 644 Aristides
1131 581 1158 643 T.

155 681 184 742 l.
207 701 241 765 p.
256 680 329 758 284.
345 678 581 766 ἐττκαταδαςθῶν.
614 681 686 763 285.
702 678 929 765 ἔτνκατὲὃαρθον.
966 678 1042 743 Alia
1058 679 1157 744 videtn-

156 795 210 844 tur
222 780 308 865 apud
320 780 451 843 Suidam
465 780 488 843 l.
500 802 530 844 c.
546 793 580 844 et
595 781 728 844 Foesrum
741 781 822 844 (Ec.
838 782 1000 867 Hippocr.
1013 802 1047 866 p.
1061 800 1120 866 191.

198 898 251 964 75.
267 883 303 944 E.
325 884 431 954 Ψευδεῑς
446 880 590 966 how]
617 880 778 966 Euripidis
791 881 835 945 est
850 902 890 945 ex
908 880 1055 946 dramate
1065 896 1096 946 et
1106 898 1157 967 per·

156 983 230 1047 sona
252 981 428 1067 Iphigeniae
448 981 480 1045 in
502 981 614 1046 Tauris
631 984 715 1068 569:
744 981 897 1048 adhibuit·
915 983 1067 1048 Clemens
1084 985 1156 1049 Alex-

155 1080 244 1144 andr.
259 1081 292 1145 in
313 1080 509 1166 Protreptico
530 1103 563 1166 p.
578 1083 631 1160 64.
647 1083 678 1145 A
694 1105 702 1144 r
726 1084 747 1144 ri
762 1079 879 1159 βόλεθτ
900 1080 947 1146 α’ντ
965 1086 1017 1157 τὰς
1035 1082 1158 1164 φαντασίας

155 1182 323 1256 ταύταςτὰς
342 1187 419 1257 κενὰς
433 1182 687 1268 ἀτοῤῥίνῑναντες,τῇ
701 1180 829 1267 σννηθείᾳ
840 1183 912 1268 αὐτῇ
925 1184 1111 1263 miiaiin,
1122 1209 1157 1245 ru·

157 1283 262 1368 ννὸοξίᾳ
275 1283 428 1366 ἔτιλὲγετε,
440 1286 548 1358 Ψευδεῖς
562 1282 650 1369 ἔντιμον
661 1283 785 1368 χαίμντ’,
801 1284 861 1346 ritis
874 1281 916 1360 W
931 1282 999 1361 ἄρα.

202 1400 254 1469 75.
270 1386 308 1447 Ε.
331 1385 502 1470 Κανντὺς-]
529 1383 619 1447 Idem
635 1384 719 1448 ferro
733 1383 971 1449 invulnerabilis
983 1406 1057 1448 cum
1070 1382 1159 1447 Stoicis

159 1499 362 1573 comparatur
382 1509 402 1550 a
427 1485 597 1549 Plutarcho
618 1486 704 1570 Opp.
724 1486 811 1548 Mor.
837 1506 871 1569 p.
890 1500 986 1569 1057.
1001 1487 1046 1560 D,
1060 1486 1094 1548 E.
1121 1485 1159 1548 De

159 1588 231 1675 ejus
251 1610 290 1653 cx
311 1588 445 1652 muliere
467 1586 499 1650 in
519 1587 620 1650 virum
636 1586 916 1651 transformatione
930 1585 1046 1650 illustre
1062 1585 1158 1650 allelu·

160 1689 252 1775 glum
267 1688 371 1753 Ovidii
387 1690 469 1752 Met.
483 1689 561 1751 XII.
579 1687 650 1771 189.
665 1688 729 1773 seq.

204 1806 256 1874 75.
271 1792 310 1853 E.
335 1789 555 1871 μετακόσμησις]
591 1787 741 1852 Universe
765 1799 858 1852 notat
880 1789 1067 1853 mutationem
1084 1787 1121 1853 rei
1137 1786 1161 1850 iu

161 1890 259 1954 alium
274 1891 397 1966 flatum,
413 1888 641 1968 conditionem,
656 1888 876 1975 dispositionem,
895 1888 1011 1971 stupor,
1024 1912 1093 1976 qua
1106 1910 1162 1974 pru·

161 1992 230 2076 pria
243 1989 340 2076 hujus
354 1990 439 2053 vocis
452 1990 495 2053 cll
505 1989 567 2052 vis:
582 2005 620 2052 ut
635 1989 720 2053 rette
734 1990 861 2053 monuit
875 1989 1043 2056 Salmatius
1053 1990 1162 2055 adsin-

162 2091 293 2177 plicium
316 2113 349 2176 p.
368 2091 439 2154 168.
476 2090 679 2154 Vocabulum
702 2088 873 2154 Plutarcho
894 2093 1076 2176 usurpatum
1095 2117 1164 2173 μετα·

161 2193 295 2275 κόσμησις
310 2193 396 2279 Opp.
412 2192 499 2256 Mor.
519 2212 552 2276 p.
568 2192 643 2276 583.
660 2193 694 2255 F.
717 2208 791 2276 733.
808 2195 842 2256 F.
866 2210 942 2278 927.
957 2196 1000 2258 A.
1030 2194 1164 2279 Vrt328.
1199 2234 1201 2245 ·

163 2295 209 2360 D.
230 2296 311 2379 456.
321 2296 370 2358 A:
395 2292 518 2356 Platoni
531 2294 611 2377 Leg.
626 2294 668 2356 X.
685 2313 718 2377 p.
731 2294 805 2374 667.
820 2293 859 2356 Β.

208 2412 259 2480 75.
275 2397 311 2458 F.
333 2395 409 2480 Πρὸς
423 2392 528 2480 πέτρῃ]
554 2392 675 2477 Artigit
688 2392 834 2456 Erasmus
853 2393 960 2482 Adng.
983 2416 1016 2480 p.
1033 2414 1124 2480 ¹¹03²
1141 2406 1166 2457 et

165 2495 229 2558 fine
249 2493 437 2558 auttoritatc
460 2491 562 2576 posuit
583 2490 614 2554 in
638 2491 810 2554 Proverbiis
832 2493 1016 2559 Trochaicis
1041 2493 1167 2559 Schottus

168 2615 262 2676 1240.
304 2592 443 2656 lambice
465 2591 643 2656 distinuum
661 2590 694 2654 in
713 2590 854 2655 editione
876 2593 934 2656 Gr.
951 2595 1023 2657 lat.
1037 2596 1079 2657 A.
1094 2596 1166 2671 1624.

166 2716 262 2779 quum
275 2693 385 2756 nostrae
399 2690 626 2754 substravimus.
656 2690 767 2755 Simila
780 2708 837 2755 aut
849 2690 935 2755 idern
949 2695 993 2757 est
1005 2694 1088 2778 apud
1100 2693 1166 2757 ssafi·

165 2795 244 2857 lium
259 2794 310 2855 M.
326 2793 377 2856 De
391 2789 550 2875 lugendis
565 2792 622 2854 Gr.
636 2793 674 2854 T.
689 2791 715 2853 Ι.
735 2813 768 2876 p.
777 2813 853 2877 494.
868 2795 922 2857 D:
944 2797 1024 2869 εὐθὺς
1036 2795 1078 2858 οὖν
1090 2799 1116 2871 ἐξ
1126 2798 1167 2879 ἂμ

162 2898 218 2976 χῆς
234 2896 384 2954 ἐπισκοτεῖν
406 2890 503 2961 ἕκατον
526 2900 579 2953 τῶν
602 2892 776 2973 μαθημάτων
799 2891 845 2970 καὶ
865 2895 1041 2981 συναρμόζων
1061 2893 1169 2980 τῷτέλα

164 2997 303 3078 προσῆκε,
317 2997 392 3055 κατὰ
406 2995 452 3069 τὴν
467 2995 590 3076 nupturi
600 2992 768 3079 παροιμίαν,
780 2995 825 3055 τὸν
839 2993 918 3057 λίθον
931 2997 1002 3058 ποτὶ
1015 3000 1061 3073 τὴν
1072 2994 1169 3079 mpii

166 3093 297 3179 ἄγοντας.

210 3221 242 3284 p.
258 3200 309 3281 76.
324 3198 364 3261 Β.
395 3204 435 3282 τῷ
455 3199 523 3285 prepi
543 3199 638 3282 ψυχὴν
660 3196 775 3282 ἀτάκτῳ
797 3196 842 3275 κα)
862 3198 978 3284 iaspis-p]
1002 3200 1049 3262 Es
1070 3197 1169 3263 ratione

170 3299 330 3364 Platonis:
355 3300 544 3385 significatur
556 3320 627 3384 pars
640 3297 744 3380 ἄλογος
758 3299 915 3363 contraria
933 3307 966 3386 τῇ
988 3308 1101 3386 λτγτκῇε
1120 3299 1169 3360 fre·

167 3411 303 3483 quenter
323 3384 439 3462 dicitur
459 3398 576 3484 ἆόςιςος,
599 3397 767 3485 indefinita,
789 3422 885 3485 vaga,
908 3400 1001 3463 nullis
1025 3401 1129 3487 legitur
1143 3419 1170 3459 ac

169 3496 300 3560 terminis
321 3497 542 3584 circumscripta,
565 3495 629 3574 ὕλη,
645 3500 777 3576 althusii,
793 3506 889 3579 σῶμα,
904 3521 1040 3584 quorum
1054 3495 1170 3584 oppofittt

167 3599 241 3662 sunt
262 3605 318 3671 νοῦς
339 3612 372 3662 et
393 3598 490 3674 νοητόν·
514 3620 578 3683 qua
598 3597 638 3661 de
659 3620 693 3663 re
711 3620 750 3662 ex
766 3598 904 3663 Plutonia
926 3601 1068 3665 fontibus
1086 3597 1169 3662 dulia

167 3699 241 3764 sunt
262 3696 491 3782 disputationes
511 3698 544 3760 in
566 3698 728 3762 Platonicis
748 3696 961 3783 Quaestiunibus
981 3714 1014 3765 et
1028 3692 1171 3763 Datioi

168 3798 383 3864 Procreationc.
416 3800 457 3861 Τὸ
478 3803 588 3878 μᾶλλον
610 3795 657 3876 καὶ
678 3800 710 3862 τὸ
730 3798 812 3877 istor,
831 3798 1015 3884 diversitates
1032 3801 1168 3887 gradata,

168 3901 246 3964 inest
260 3900 292 3964 in
311 3898 363 3963 illu
378 3914 466 3983 parte
481 3897 604 3984 ἇοςίςφι
627 3899 715 3984 quod
735 3921 774 3963 cx
789 3899 929 3965 Platonis
945 3902 1072 3967 Philebo
1088 3921 1117 3984 p.
1129 3914 1168 3978 77·

168 4003 206 4065 E.
231 4002 336 4085 78.A.
360 4002 460 4066 80.B.
483 4000 620 4084 explicat
639 4000 824 4066 Plutarchus
839 4003 891 4066 De
906 4002 1018 4067 Animi
1033 4004 1168 4078 Procop-

171 4123 264 4184 1014.
280 4106 324 4168 D.
362 4105 432 4188 lpsa
449 4102 547 4166 dictio
570 4101 738 4167 Plutarcho
758 4102 917 4188 frequens,
934 4106 966 4166 τὸ
980 4111 1086 4186 μᾶλλον
1099 4095 1167 4176 xolti

167 4202 248 4280 ἧτῑον,
266 4203 328 4267 hoc
350 4203 460 4268 sensu:
486 4204 571 4287 Opp.
592 4204 678 4268 Mor.
702 4224 734 4288 p.
750 4205 824 4289 652.
842 4203 882 4269 C.
905 4206 981 4288 678.
997 4206 1036 4283 C,
1053 4206 1092 4269 Ι).
1112 4213 1167 4281 732·
