2684 5258
279 741 336 803 nr
355 740 581 803 nununms
601 741 746 803 ronns.
765 759 796 821 p.
809 748 855 802 n.
868 741 908 803 n.
1049 747 1105 817 req

66 899 131 975 lem
145 901 234 991 pira
245 905 325 980 κῦδος
336 907 478 993 ’agaen
503 905 535 971 in
550 904 845 993 vituperationibus,
860 903 1003 993 abisaph,
1017 930 1107 973 maon

67 1007 183 1093 φμδὶς,
205 1006 390 1093 &papante
427 1006 550 1095 Ulyll'es
567 1008 748 1095 vituperans
761 1007 935 1075 Thersitem
950 1030 1014 1073 non
1027 1007 1108 1077 dicit

67 1105 228 1187 claudum,
250 1107 383 1188 calvam,
400 1107 566 1196 gibbam,
590 1108 643 1174 sed
664 1108 859 1197 ἀκςιτόμυθον,
881 1121 984 1173 teram
1002 1108 1106 1198 loqua-

70 1224 141 1270 eera.
179 1207 296 1271 Venus
320 1204 420 1270 filium
446 1205 629 1272 Vulcanum
652 1206 767 1271 blande
789 1207 928 1294 appellat
944 1230 965 1271 a
981 1206 1106 1272 claudi-

74 1308 215 1389 udone,
232 1306 351 1394 Ὀρσεο,
372 1308 559 1388 wman'lrer,
580 1310 643 1391 ipis
659 1308 748 1383 τέκος.
782 1310 832 1375 Its
847 1311 1010 1375 Homerus
1024 1308 1108 1377 ridet

76 1429 146 1489 eoa,
162 1430 247 1497 quoa
273 1407 527 1488 claudicationis,
552 1408 717 1489 caecitatis,
743 1409 941 1497 aliorumque
964 1409 1106 1497 corporis

79 1510 225 1583 ritiorom
246 1510 372 1599 pudet3
394 1512 478 1598 quasi
496 1511 670 1601 quidquam
692 1513 823 1578 nobis'a
845 1514 973 1579 fortuna
992 1513 1105 1581 datum

80 1623 170 1698 turpe
187 1611 237 1679 lit.
274 1613 388 1698 Itaque
407 1611 492 1677 resae
514 1612 729 1701 intelligendis
750 1614 855 1679 Poetis
873 1615 1039 1696 discemus,
1062 1640 1103 1681 u-

77 1724 223 1801 namque
235 1711 400 1779 fortunam
413 1712 585 1797 prudenter
600 1713 695 1779 serre:
719 1737 779 1780 nec
792 1715 936 1809 secundis
958 1716 991 1780 in
1010 1716 1105 1785 rebus

79 1813 189 1897 efferri,
208 1826 247 1879 ut
264 1813 334 1879 aliia
355 1813 431 1879 vitia
448 1814 600 1900 corporis,
619 1815 756 1902 generis,
773 1817 912 1882 sortunae
933 1818 1104 1905 exprobre-

79 1936 166 1985 mus:
190 1936 253 1981 nec
266 1913 399 1979 adversis
417 1914 450 1979 in
470 1915 564 1979 rebus
585 1915 728 1981 animum
749 1915 791 1981 ad
811 1915 1026 1981 humilitatem
1045 1917 1103 1982 dc·

79 2014 217 2095 mittere,
238 2013 294 2079 sed
315 2011 356 2078 ad
376 2011 586 2079 excelsitatem
603 2013 738 2100 erigere,
758 2036 818 2079 nec
838 2014 973 2079 aliorum
994 2015 1027 2080 in
1046 2039 1105 2083 noa

76 2112 225 2196 litteriis,
239 2112 404 2193 conviciis,
418 2113 480 2178 risu
493 2113 699 2179 commoveri.

116 2217 211 2281 XIV.
235 2214 384 2301 Denique
399 2213 517 2278 docens
531 2236 662 2303 operam
675 2214 774 2295 dabit,
789 2226 827 2281 ut
841 2216 940 2301 proba
954 2216 1106 2304 utiliaque

78 2319 252 2385 Poetarum
264 2316 345 2382 dieta
359 2318 391 2381 in
405 2317 513 2383 animo
527 2317 673 2381 discentis
687 2317 727 2382 ad
747 2318 900 2406 majorem
914 2318 1009 2385 fidem
1024 2341 1104 2385 con·

79 2422 187 2487 firmet
208 2435 385 2508 augeatque
410 2421 592 2487 testimoniis
614 2421 822 2508 similibusque
846 2422 939 2489 dietis
962 2422 1104 2489 Philoso·

77 2524 217 2609 phorum
234 2524 441 2610 apponendis.
487 2523 601 2610 Igitur,
625 2538 664 2588 ut
685 2525 794 2610 paucis
814 2525 966 2611 exemplis
986 2524 1103 2590 defun·

75 2649 203 2713 gantur,
225 2627 401 2691 Homerico
421 2625 466 2689 llll
486 2627 553 2700 Ζεὺς
575 2627 692 2712 γάρτοι
715 2633 827 2714 νεμεσᾷ,
848 2625 884 2690 dr’
902 2628 1016 2710 ἀμείνονι
1037 2629 1105 2711 porri

76 2729 194 2814 μάχοιο,
217 2726 382 2793 adhibebit
401 2726 524 2792 Biantis
543 2733 632 2790 Γνῶθι
654 2729 766 2807 σαυτὸν,
782 2727 878 2813 idque
892 2727 1033 2814 ejusdem
1045 2729 1106 2791 esse

74 2828 244 2893 sententie
265 2827 425 2893 ostendet:
456 2827 609 2892 Hesiodea
633 2829 732 2904 Νήπιοι
758 2830 809 2889 οὐδ’
832 2827 924 2890 ἴσασιν
947 2827 1001 2912 ὅσῳ
1025 2826 1106 2891 πλέον

76 2932 161 3012 ἥμισυ
180 2931 291 3010 παπός,
313 2943 348 2993 et
369 2929 562 2993 alterumn
581 2930 606 2990 li
627 2932 698 3005 κακὴ
717 2931 791 3005 sisai]
811 2933 849 3011 τῷ
867 2927 1036 3004 flanaticum
1051 2954 1106 2989 κα·

74 3032 150 3111 alfa,
173 3030 291 3097 eodem
311 3030 424 3109 valere,
443 3052 508 3116 quo
532 3029 670 3094 Platonis
690 3029 722 3092 in
740 3027 861 3114 Gorgia
880 3042 913 3091 et
933 3027 1109 3114 Republica

72 3133 242 3220 placitum,
253 3133 348 3220 ¹pq'us
369 3133 422 3217 affl
442 3129 584 3216 injuriam
598 3130 719 3216 Merra,
735 3154 824 3217 quam
841 3130 927 3217 pati:
950 3128 1107 3216 AEschyll,

73 3237 195 3322 Θόρσι,
208 3234 288 3298 aro're
305 3238 362 3319 γὰρ
377 3231 458 3319 ἄκρον
477 3236 524 3295 οὐκ
541 3231 597 3317 ἔχει
610 3232 720 3318 χρόνον,
741 3230 824 3295 idem
840 3230 912 3311 cll'e,
926 3230 1013 3317 quod
1029 3231 1105 3316 Epi·

74 3338 153 3419 curi,
172 3358 298 3424 magnas
320 3333 430 3398 dolores
450 3333 579 3396 celeriter
595 3334 761 3420 praeterire,
781 3332 934 3397 diuturnos
951 3333 1106 3418 magnitu-

74 3441 141 3505 dine
151 3461 265 3504 carne.
304 3439 353 3500 lta
361 3435 487 3522 juvenis
502 3435 610 3499 sentim
625 3435 848 3501 conciliabitur
859 3435 983 3522 placitis
999 3436 1106 3501 Philo·

76 3541 261 3629 sophorum,
278 3562 336 3604 nec
358 3540 402 3604 ita
420 3553 539 3604 temere
557 3539 694 3625 repletus
713 3540 888 3625 obfitnsqne
903 3539 1061 3603 erroribus
1075 3551 1108 3602 ct

76 3643 176 3729 pravis
189 3641 396 3728 opinionibus
417 3665 436 3705 a
458 3642 581 3706 nutrice
600 3657 634 3705 et
653 3658 765 3720 matre,
780 3657 876 3728 atque
891 3642 1001 3705 adeoa
1016 3655 1108 3725 patre

74 3760 107 3813 et
129 3746 324 3833 padagogo,
349 3745 528 3811 colentibus
552 3760 584 3810 et
609 3745 797 3809 mirantibus
810 3743 945 3821 ,divites
969 3756 1107 3805 mortem

78 3871 114 3915 ao
132 3849 281 3915 dolorem
299 3850 513 3931 horrentibus,
530 3850 680 3914 virtutem
699 3847 814 3909 divitiis
831 3857 865 3909 et
880 3843 982 3931 gloria
996 3864 1107 3907 caren-

82 3963 145 4015 tem
163 3951 469 4017 contemnentibus:
498 3951 546 4015 his
569 3951 667 4037 igitur
689 3946 847 4011 erroribus
865 3945 967 4032 magis
985 3967 1106 4033 purga-

81 4063 130 4115 tus
146 4050 188 4115 ad
203 4051 439 4137 Philosophiam
454 4052 602 4115 accedet:
623 4049 740 4136 quibus
754 4049 844 4112 obsiti
863 4047 904 4111 ad
926 4070 996 4112 eam
1015 4070 1106 4112 acce·

82 4152 189 4220 dentes
202 4167 237 4221 et
251 4154 410 4218 contraria
427 4153 548 4217 laudari
570 4153 747 4230 audientes,
771 4152 952 4228 turbantur,
971 4151 1107 4233 stupent,

84 4258 245 4345 refugiunt
258 4282 268 4337 3
292 4257 345 4322 nisr
359 4270 453 4320 antea
467 4256 631 4320 veritatem
646 4253 799 4340 paulatim
813 4253 845 4318 in
861 4251 977 4316 fabulis
991 4245 1107 4335 agnos·

7 4374 15 4451 2·
82 4376 149 4424 cere
160 4358 401 4424 consueverint:
425 4356 523 4421 veluti
540 4357 594 4441 qui
612 4357 720 4420 Solem
736 4355 838 4441 ipsum
853 4352 969 4416 intueri
986 4371 1106 4433 neque-

7 4454 13 4463 ’
86 4473 150 4538 unt,
162 4458 235 4547 ejus
250 4458 422 4544 imaginem
442 4460 474 4523 in
494 4481 587 4543 aqua,
603 4457 651 4522 vel
667 4456 821 4545 ejusmodi
840 4455 943 4519 aliena
964 4454 1036 4518 lnce
1050 4476 1106 4518 co-

88 4562 231 4643 gnoscere
254 4559 388 4641 discqnt.
429 4561 490 4624 His
504 4561 602 4646 igitur
616 4557 654 4622 de
670 4558 778 4622 cauffis
792 4555 918 4641 juvenis
935 4557 1045 4618 Poetae
1059 4554 1106 4618 le-

7 4734 9 4741 ,
91 4680 161 4746 gens
173 4682 261 4750 opus
273 4658 367 4729 habet
380 4662 536 4749 prudente
556 4661 612 4724 viae
632 4659 714 4725 duce
734 4673 767 4725 et
780 4657 864 4745 quasi
879 4657 1107 4745 gubernatore,

572 4782 599 4826 rr
615 4781 638 4844 4
