2684 5258
425 779 928 841 nmrcrnranraucronu.
1152 796 1194 860 ³9

186 938 290 1025 Musca,
306 960 412 1032 neque
427 942 471 1008 de
487 943 623 1022 Pictura,
637 943 687 1009 vel
701 965 801 1009 unum
816 944 948 1010 verbum
963 942 1040 1010 dixit
1054 969 1068 1009 ι·
1088 945 1192 1033 Gym-

184 1043 304 1110 natam
327 1044 374 1109 ita
394 1043 615 1123 commendat,
634 1056 672 1108 ut
692 1043 760 1129 ejus
774 1065 878 1108 veram
894 1043 956 1108 vim
971 1065 1008 1108 ac
1023 1058 1127 1130 partes
1140 1045 1191 1131 ig-

180 1146 275 1211 norasse
296 1145 444 1211 videatur
453 1172 463 1227 3
488 1143 569 1210 adeo
589 1144 698 1210 leviter
715 1160 748 1210 et
766 1144 906 1209 universe
920 1144 961 1210 de
976 1168 1014 1210 ea
1027 1145 1190 1231 loquitur:

177 1245 245 1330 quod
265 1248 321 1312 suo
342 1246 419 1312 loco
444 1245 665 1331 [pestabimus.
715 1246 856 1325 Constat,
880 1246 1105 1312 Grammaticus
1128 1248 1191 1313 stu-

172 1347 245 1417 dium
259 1350 381 1438 puerile
398 1348 582 1437 hujusmodi
596 1349 699 1429 fuisse,¹
712 1361 749 1414 ut
762 1371 842 1436 puer
855 1349 959 1437 primo
973 1349 1058 1437 apud
1073 1351 1190 1417 Gram-

170 1452 322 1531 matismm,
345 1451 381 1516 id
403 1451 448 1516 est
468 1449 553 1516 Ludi
574 1450 769 1538 magistrum,
791 1450 898 1538 legere
918 1474 955 1515 ac
975 1451 1106 1517 scribere
1125 1453 1189 1518 dis·

168 1566 254 1633 ceret,
268 1568 340 1618 tum
353 1551 443 1639 apud
457 1552 723 1631 Grammaticum,
737 1553 795 1640 qui
808 1554 888 1640 saepc
902 1567 936 1618 ot
951 1553 1088 1618 Criticus
1099 1553 1188 1620 dice·

165 1654 258 1735 batur,
272 1668 387 1742 poetas
408 1654 586 1740 legeret'et
605 1653 708 1718 stilum
725 1652 1019 1743 componendasque
1038 1656 1189 1722 orationis

159 1754 341 1821 facultatem
359 1768 540 1819 exerceret:
563 1753 690 1839 quode
710 1776 799 1819 more
812 1755 867 1841 qui
888 1755 978 1840 plura
998 1757 1188 1841 cognoscere

159 1856 230 1936 solt,
244 1855 341 1921 adeat
354 1868 472 1942 praeter
483 1854 579 1920 Voffii
592 1855 708 1920 librum
721 1856 1000 1942 supralaudatum,
1014 1858 1187 1922 Jo.Wow·

157 1957 254 2022 crium
263 1957 306 2022 de
319 1954 523 2042 Polymathia
533 1955 613 2043 Cap.
626 1958 770 2021 1v.-x.
786 1971 820 2022 et
833 1979 872 2020 ex
881 1955 1050 2021 Veteribus
1063 1957 1187 2045 Quinc·

155 2059 302 2124 silianum
313 2058 390 2122 lnsl.
400 2058 491 2123 Orat.
506 2057 578 2123 Lib.
591 2060 617 2122 l.
634 2057 716 2143 Cap.
728 2060 878 2122 lI.-lX.
897 2056 1099 2123 Plutarchum
1115 2060 1187 2125 nos·

155 2176 239 2224 trum
262 2161 317 2225 De
338 2157 497 2245 legendis
521 2158 637 2238 Poetis,
661 2158 717 2222 ubi
739 2157 822 2222 lianc
843 2158 972 2245 puerilis
987 2159 1189 2224 institutionis

154 2277 279 2347 partem
295 2261 419 2348 proprie
432 2260 590 2326 trastavit.
634 2261 682 2325 At
694 2259 790 2348 hujus
812 2263 863 2326 De
879 2260 1078 2326 Educationc
1091 2261 1190 2327 libelli

154 2363 292 2448 scriptor
305 2360 347 2424 de
359 2373 469 2426 neutro
490 2361 717 2426 Grammaticae
731 2384 862 2426 munero
878 2364 1006 2428 verbum
1025 2363 1116 2443 diris,
1138 2364 1187 2450 ip-

159 2464 219 2527 sios
233 2462 316 2527 adeo
327 2462 401 2527 artis
415 2486 455 2528 ne
469 2486 587 2529 nornen
603 2463 733 2551 quidem
756 2465 898 2550 protulit.
944 2467 1011 2532 Qui
1027 2467 1045 2528 fi
1064 2467 1186 2532 Plutar-

156 2565 235 2629 chus
250 2563 336 2646 ell'ct,
357 2579 413 2629 aut
429 2563 468 2629 de
487 2580 623 2654 utroque
646 2565 700 2629 illo
724 2569 946 2632 Gramnraticae
959 2592 1090 2634 munere
1105 2592 1186 2656 prae·

153 2667 291 2753 cepisset,
313 2679 371 2730 aut
390 2666 560 2731 monuisset
578 2669 609 2731 se
631 2665 671 2730 de
695 2670 859 2733 Poetarum
877 2670 1029 2733 Lestionc
1044 2670 1186 2754 peculia·

156 2792 221 2834 rem
243 2770 359 2834 librum
379 2769 429 2833 vel
453 2770 640 2855 scripturum
664 2770 713 2833 vel
734 2771 888 2856 scripfisse.
933 2770 1021 2857 Quid
1039 2793 1112 2834 vcro
1133 2772 1187 2835 iste

158 2870 506 2935 Pseudo-Plutarchus?
548 2872 606 2935 lste
634 2893 707 2936 vero
736 2873 875 2954 ἐγκύκλια
902 2872 1085 2951 παιδεύματα
1113 2873 1185 2935 uni·

155 2976 246 3053 verse,
264 2997 324 3038 nec
341 2997 442 3039 unum
456 2973 656 3053 nominatim,
673 2973 776 3060 tangit
792 2974 914 3059 Capitis
930 2975 972 3036 X.
988 2972 1091 3051 initio,
1107 2996 1185 3059 pau-

153 3076 193 3143 cis
206 3075 311 3141 verbis
326 3075 358 3140 in
375 3076 459 3139 hanc
474 3075 661 3140 sententiam
677 3102 685 3141 ι
711 3077 793 3139 Puer
812 3075 957 3162 ingenuus
977 3072 1090 3137 nullius
1104 3075 1187 3138 debat

154 3194 249 3266 expers
263 3178 321 3263 effi
335 3201 439 3240 corum
454 3178 575 3256 artium,
592 3202 661 3264 quae
675 3176 810 3240 liberales
830 3176 1022 3265 appellantur
1047 3179 1111 3260 (τῶν
1129 3206 1184 3241 κα-

153 3281 273 3362 λαμίνων
299 3279 457 3363 ἐγκυκλίων
482 3281 701 3361 παιδευμάτων),
728 3281 790 3365 sed
817 3280 880 3342 baec
905 3280 1007 3364 carstm
1032 3292 1060 3342 ct
1083 3280 1186 3367 gustus

148 3383 249 3468 cauffo
273 3382 402 3467 discam:
432 3381 645 3469 philosophiam
670 3405 740 3444 vero
764 3381 914 3468 praecipuo
939 3393 966 3442 et
988 3381 1185 3468 antiqugffimo

153 3481 204 3547 loco
220 3483 330 3546 habere
344 3494 373 3544 et
389 3482 488 3545 colare.
533 3484 608 3569 Quo
628 3482 658 3545 in
676 3496 835 3568 praecepto
850 3482 967 3567 duplex
981 3483 1023 3545 est
1040 3482 1182 3547 inscitia:

154 3582 259 3661 altera,
282 3581 371 3669 quod
393 3581 531 3666 ἐγκύκλια
551 3582 725 3663 παιδεύματα
749 3605 812 3645 non
836 3582 888 3645 nifi
910 3582 1013 3646 obiter
1027 3583 1185 3668 attingere
1305 3581 1309 3589 ’

156 3705 190 3748 ac
213 3684 375 3770 degustare
401 3685 468 3749 vult
492 3707 638 3771 puerum,
662 3708 745 3771 quae,
769 3685 913 3748 omniurn
937 3686 1022 3750 reete
1045 3686 1183 3749 sentien-

153 3789 233 3852 tium
240 3787 364 3875 judicio
378 3791 419 3854 ab
434 3791 522 3853 omni
535 3813 613 3869 aevo,
630 3789 725 3854 unica
738 3803 771 3852 ct
785 3789 936 3853 veriffima
947 3787 1075 3873 puerilis
1091 3788 1182 3873 inge-

153 3891 192 3953 nii
215 3891 371 3956 institutio
393 3906 426 3956 et
449 3891 631 3955 exercitatio
656 3891 808 3955 suerunt:
841 3891 951 3967 altera,
976 3888 1062 3974 quod
1084 3911 1184 3976 puero

151 3993 377 4080 philosophiam
392 3993 553 4080 adjungit,
568 4017 651 4080 quae,
665 3993 764 4056 totius
779 3990 989 4077 Antiquitatis
1011 4015 1110 4073 more,
1126 4017 1182 4059 eo·

152 4115 218 4160 nrm
234 4096 368 4161 demum
383 4096 445 4159 suit
460 4095 595 4159 studium
616 4095 671 4182 qui
689 4118 707 4159 c
726 4092 830 4180 pueris
846 4093 915 4179 jam
934 4095 1134 4174 excessissent,
1150 4096 1184 4159 id

151 4197 201 4277 est,
214 4195 329 4279 ὲφῆὅαν,
344 4197 501 4275 νεανίσκων,
516 4196 765 4276 adolescentum,
776 4197 944 4284 juvenum.

190 4301 247 4363 lV.
275 4300 426 4362 AEtatum
441 4298 698 4385 progreffionem,
719 4299 872 4377 infantiae,
888 4298 1042 4384 pueritiae,
1059 4295 1181 4359 adoles-

150 4401 258 4465 centiae
284 4401 397 4466 leviter
421 4415 529 4480 notat3
557 4400 693 4487 ipsarum
718 4402 826 4478 studia,
853 4424 958 4465 mores
984 4415 1017 4464 ct
1042 4399 1180 4479 habitus,

149 4501 233 4568 dotes
256 4517 291 4568 ct
312 4502 484 4568 facultates
501 4525 564 4566 non
581 4502 731 4588 attingit:
755 4501 939 4566 earumdem
955 4523 1014 4563 nec
1030 4501 1181 4564 terminos

150 4627 202 4670 nec
216 4621 324 4692 partes
339 4605 402 4669 suis
416 4604 507 4667 annis
522 4603 686 4689 fignificat.
719 4606 872 4668 Conferat
888 4604 958 4688 quis
974 4603 1059 4665 islam
1076 4602 1180 4690 negli-

147 4710 287 4794 gentiam
311 4729 390 4776 cum
415 4705 581 4794 diligentia
604 4704 652 4770 vel
676 4706 853 4772 Aristotelis
883 4704 1006 4771 Politie.
1026 4707 1102 4770 Vll.
1127 4721 1179 4785 17.
