2684 5258
181 749 242 809 ne
257 749 444 810 mscrru.
459 752 581 811 nour.
596 753 649 812 AB
663 752 808 813 Aureo
823 753 1072 831 porr-aru.
1103 761 1164 829 499

123 910 225 977 'eluti
241 910 330 998 apud
346 911 495 979 Plautum
510 913 627 980 ibidem
641 917 683 979 V.
699 934 729 982 2.
749 917 799 981 18.
814 915 854 980 ad
867 930 990 1003 patrem
1005 916 1107 981 servus
1121 909 1162 980 de

123 1008 210 1077 ilio:
236 1012 347 1076 Fateor
366 1015 545 1101 pcccaviffi:
568 1015 693 1078 amicam
716 1015 849 1102 Iiberaffe
871 1017 987 1103 alpentc
1009 1029 1059 1081 te:
1092 1016 1161 1080 Ροε-

123 1111 184 1177 ton'
210 1125 371 1199 argentum
388 1115 546 1200 srinrstffe:
576 1116 611 1177 id
635 1119 688 1200 effi
709 1117 872 1203 absirmtum
903 1118 1050 1203 praedira:
1082 1116 1164 1181 Num

123 1212 195 1276 *nid
216 1214 311 1279 aliud
325 1213 406 1298 fecit
426 1215 484 1300 nist
503 1216 583 1302 quod
596 1216 723 1301 faciunt
740 1216 865 1302 fiammis
883 1219 975 1305 gnati
991 1219 1162 1304 generibus.

123 1313 262 1403 {pidico
276 1316 334 1380 IV.
347 1334 376 1379 1.
386 1318 428 1401 69
442 1342 450 1379 ι
473 1317 539 1403 quis
552 1342 614 1380 earn
630 1317 814 1398 liberaverit,
834 1318 904 1383 Volo
907 1320 1041 1406 scira-.
1066 1321 1161 1385 Pseu-

123 1414 195 1483 Iolo
213 1417 243 1480 Ι.
255 1431 289 1501 5.
298 1434 340 1501 5:
363 1418 444 1481 Eum
458 1418 537 1480 velle
551 1419 674 1481 amicam
689 1418 826 1498 liberare,
848 1432 875 1483 et
894 1446 1026 1507 quaerera
1039 1423 1162 1510 Argen·

123 1542 178 1582 rm
206 1518 255 1581 ad
275 1544 338 1582 cam
360 1543 433 1596 rem,
456 1520 509 1583 hac
535 1517 591 1583 atii
616 1521 687 1584 mihi
714 1523 898 1585 renunciant.
947 1523 1071 1588 Ibidem
1099 1545 1160 1611 19:

123 1618 210 1705 2uid
230 1618 342 1681 mirum
358 1619 467 1705 fecit?
497 1621 572 1705 quid
592 1624 731 1684 novum?
752 1621 911 1707 adolescens
927 1623 1007 1685 hama
1018 1624 1053 1707 si
1066 1637 1161 1704 amat,

123 1723 286 1787 iamicarn
302 1721 420 1786 liberat.
458 1722 540 1786 lbid.
556 1725 618 1806 67:
641 1748 803 1809 -ccquam
815 1723 879 1810 scis
889 1722 995 1810 filium
1010 1725 1161 1789 tibicinam

123 1823 228 1887 ticum
260 1825 389 1885 amare?
408 1821 585 1885 -liherarc
607 1847 696 1909 quam
718 1822 824 1885 velit?
854 1824 942 1885 Persa
966 1825 1159 1909 lll.3.14=

123 1924 291 1995 'nortuum
305 1921 457 1985 liberator.
497 1922 579 1986 Ibid.
593 1943 658 2008 33:
681 1923 775 2009 -sac
785 1925 831 2006 sit
853 1923 958 1986 mulier
975 1924 1080 2002 libera,
1097 1927 1159 1988 At·

123 2049 167 2089 ne
183 2025 249 2087 huc
263 2025 398 2086 continua
414 2023 539 2086 adduce.
571 2022 714 2109 Captivis
730 2023 858 2109 Epilog.
873 2043 906 2103 4.
938 2024 980 2087 Et
992 2025 1161 2090 Terentius

123 2149 141 2191 o
157 2123 332 2210 Adelphis
347 2139 379 2188 et
402 2125 595 2188 Phormione
610 2123 755 2188 eamdem
771 2123 896 2187 induxit
910 2112 988 2187 rem.
1026 2124 1160 2189 Chaere·

123 2249 197 2305 uon
221 2246 278 2311 ap.
298 2226 389 2291 Stob.
410 2228 443 2290 S.
460 2227 617 2289 XCVIII.
638 2248 670 2311 p.
686 2246 768 2312 591:
798 2223 892 2299 Οὐδεὶς
912 2230 950 2289 τοὶ
971 2226 1096 2314 arur-gai&
1117 2254 1160 2291 nn

123 2327 208 2417 n‘gar
231 2328 404 2403 κατεδήδοκε·
431 2329 514 2388 Ἀλλ’
531 2327 587 2388 οὐδὲ
603 2327 787 2413 xarepaigar’,
808 2328 860 2389 οὐδ’
873 2325 993 2390 ἐλύσατο
1007 2326 1158 2415 Ποςνῖδιον,
1267 2358 1268 2362 ’

123 2432 158 2493 *di
174 2432 341 2515 θυροκοπῶν
356 2423 429 2507 ὦφλε
444 2427 527 2502 δίκην.
566 2427 632 2495 Sub
648 2427 777 2505 nomine
791 2427 900 2490 Incerti
914 2426 1013 2493 habet
1027 2429 1159 2494 Grotius

123 2553 143 2594 n
163 2527 345 2614 florilegio
360 2529 450 2591 Stob.
465 2527 529 2591 Tit.
544 2527 683 2591 CXVII.
700 2550 733 2612 p.
743 2529 819 2609 481.

154 2634 218 2713 64.
235 2632 272 2693 F.
296 2632 448 2715 ixxadq‘zpan
462 2628 656 2714 tempu—J
680 2630 869 2715 Perpargare
883 2631 1009 2695 rationes
1025 2653 1159 2717 compo·

123 2731 268 2809 ationis,
284 2731 405 2795 sumtus
428 2730 561 2795 convivii
584 2731 758 2794 describere
780 2745 813 2793 et
835 2730 991 2795 ordinare.
1037 2733 1157 2818 Exqui-

123 2837 214 2902 itum
235 2832 364 2896 dicendi
377 2854 493 2919 genu,
517 2854 576 2894 nec
591 2831 715 2895 Latinis
730 2830 928 2895 inusitatum.
963 2832 1079 2896 Cicero
1093 2835 1157 2898 At·

123 2937 171 3023 ic.
195 2935 278 2999 XII.
298 2953 347 2999 12.
376 2934 425 2996 De
448 2934 525 3010 datr,
552 2944 633 2996 tanto
655 2933 752 3018 magis
776 2947 941 3019 perpurga.
986 2934 1159 2999 Suetonius

123 3034 273 3124 :aligula
290 3053 348 3121 29:
380 3035 500 3099 Decimo
523 3058 634 3121 qnoque
654 3034 702 3096 dia
723 3058 873 3097 numerum
892 3035 1106 3123 puniendorum
1123 3061 1159 3101 en·

123 3137 249 3229 pastoriza
271 3136 445 3222 describens,
474 3135 626 3199 Rationem
637 3138 674 3221 sa
694 3151 837 3223 purgare,
863 3137 1001 3201 dicabat:
1032 3138 1086 3203 ubi
1111 3139 1157 3204 vi·

123 3242 238 3321 lentur
265 3240 305 3303 Is.
329 3237 547 3303 casaubonus.
585 3237 714 3302 Bafilius
736 3240 787 3302 M.
809 3240 933 3303 Homil.
957 3242 1008 3304 De
1029 3240 1159 3305 Divitiis

123 3360 149 3431 it
175 3348 370 3427 Paupertate
391 3342 430 3404 T.
454 3342 514 3403 III.
541 3361 572 3424 p.
591 3357 666 3424 479.
686 3340 739 3403 A:
770 3345 793 3402 ol
816 3341 1000 3423 δανειζόμενοι,
1022 3342 1105 3418 τόκος
1126 3347 1157 3406 ἐκ

123 3446 218 3524 τόκων,
235 3444 257 3529 ’d
271 3444 332 3530 πρὶν
345 3445 501 3528 ἑκκαθᾲςας
513 3444 550 3503 τοὶ
563 3448 660 3526 πρῶτον
674 3439 792 3526 δεύτερον
811 3441 999 3523 ἐπεισάγοντες
1013 3443 1157 3525 δάνεισμα,

123 3548 216 3637 μηρὸν
240 3545 340 3632 χρόνον
359 3549 414 3618 τοῖς
439 3543 593 3630 ἀλλοτρίοις
620 3539 826 3627 ἐνοιέρννόμενοι,
853 3541 944 3629 despair
966 3545 987 3629 ’i
1014 3550 1052 3607 τοὶ
1073 3550 1158 3637 οἰκεῖοι

123 3649 269 3738 ὄδῦςαντο.
311 3647 413 3710 Varro
427 3645 522 3731 Liug.
539 3648 611 3708 Lat.
625 3644 664 3706 V.
683 3664 716 3728 p.
730 3645 793 3724 56:
818 3644 885 3706 Ideo
900 3645 1017 3730 antiqui
1033 3659 1156 3730 purum,

123 3761 223 3813 utun
239 3744 442 3833 appellarunt.
476 3742 543 3806 Ideo
563 3753 696 3831 putator,
720 3741 800 3827 quod
819 3742 936 3804 arbores
954 3756 1049 3828 puras
1057 3743 1156 3826 facit.

123 3850 190 3935 ideo
210 3847 290 3910 rntio
309 3847 413 3934 putari
429 3845 549 3921 dicitur,
565 3845 596 3905 in
613 3868 673 3929 qua
684 3844 805 3928 summa
814 3842 862 3929 fit
876 3857 973 3930 pura:
996 3866 1091 3930 quem
1106 3845 1154 3908 io·

123 3972 195 4037 eum
216 3949 284 4015 Jos.
301 3947 442 4034 Scaliger
461 3946 538 4010 item
556 3944 703 4030 Conjed.
727 3966 760 4028 p.
776 3945 827 4027 85.
843 3945 985 4028 exponit.
1024 3947 1154 4034 Attige·

123 4068 195 4117 runt
209 4050 358 4119 eamdem
381 4047 466 4112 verbi
481 4047 645 4111 notionem
660 4047 691 4110 J.
704 4045 856 4132 Cujacius
872 4047 945 4110 obs.
962 4049 1021 4111 XI.
1038 4070 1068 4133 9.
1084 4048 1087 4055 '
1101 4052 1153 4115 Jo.

123 4152 330 4239 Wouwerius
355 4149 563 4237 Polymathiae
587 4145 668 4232 Cap.
683 4144 760 4211 VII.
785 4169 818 4232 p.
837 4147 890 4228 48.
927 4149 968 4211 T.
993 4151 1154 4214 Hemster.

123 4258 227 4335 husius
244 4256 277 4319 in
292 4253 461 4319 AddendIs
476 4251 515 4314 ad
531 4253 573 4314 G.
587 4249 721 4313 Aroaldi
733 4250 809 4312 Var.
825 4248 969 4335 ConjeeI.
985 4271 1017 4335 p.
1028 4269 1104 4334 417.

161 4360 217 4439 64.
230 4358 266 4420 F.
288 4353 438 4438 ἄτεγκτος]
465 4349 547 4413 Vide
564 4361 673 4413 notata
688 4346 729 4411 ad
745 4369 777 4433 p.
789 4369 843 4430 44.
859 4352 902 4412 A.

160 4481 195 4547 p.
207 4460 261 4543 65.
278 4458 321 4520 A.
342 4455 504 4538 πολύφιλος]
523 4454 574 4516 De
587 4452 649 4514 hoe
662 4466 852 4537 argumento
866 4451 907 4514 est
922 4449 1047 4515 libellus
1064 4448 1153 4515 Plut-

123 4559 208 4627 archi
223 4559 295 4646 fleg}
310 4556 487 4637 Πολνφιλῖας
502 4576 535 4639 p.
548 4573 600 4639 93.

162 4663 216 4747 65.
232 4663 276 4726 A.
298 4658 487 4745 παράσημον]
510 4660 539 4721 V
542 4655 591 4719 ide
605 4655 644 4718 ad
661 4677 692 4741 p.
705 4677 737 4736 4.
754 4656 791 4720 B.

591 4778 614 4820 u
629 4757 652 4820 k
669 4778 685 4825 2
