2684 5258
270 726 330 804 bn
348 740 573 805 sunmnms
593 740 738 805 nosris.
758 752 847 823 μοι.
861 740 897 805 n
946 720 949 726 ’
1038 752 1095 815 sn

130 890 212 972 sm
226 906 310 970 sss.
323 909 353 971 n
366 877 446 989 μοὲ.
458 907 500 970 sn
513 884 660 986 itm
679 909 799 972 inissa
814 913 831 985 r,
846 905 990 996 unns,
1011 862 1099 987 nni

123 1030 196 1087 wa,
210 1005 318 1094 rsip'm
336 1009 357 1071 δ’
376 1012 465 1084 absis·
493 1013 573 1072 ἀλλὰ
592 1008 638 1087 nn)
658 1009 700 1072 tat
718 1014 826 1098 χαρᾶς,
847 1011 883 1085 ὥς
903 1014 930 1074 ir
948 1008 1117 1097 ’Obuoanqt

123 1110 154 1194 ᾗ,
173 1100 270 1184 insius
291 1106 332 1172 tn
349 1106 422 1196 'ipss
442 1107 578 1188 Ιοῐκησας.
613 1109 673 1190 Ka)
693 1109 871 1199 Πλὲταςχος
891 1112 919 1174 ii
941 1110 1101 1199 mandent

123 1215 307 1297 οχςὲοαμῇ
321 1207 404 1289 Life.
436 1212 479 1276 Et
491 1209 602 1298 Odytt.
617 1210 656 1278 Σ.
679 1231 712 1296 p·
731 1211 824 1297 1849.
837 1213 877 1276 Τὸ
890 1211 918 1274 ii
931 1213 1022 1287 ἀλύεις
1039 1212 1100 1277 ἀπὶ

123 1308 268 1389 mimas
280 1315 314 1396 τῇ
327 1316 420 1398 xapq‘r·
445 1308 492 1388 nni
506 1314 604 1389 nonni
618 1317 721 1398 xpinrs
733 1312 818 1376 τούτο
833 1310 880 1394 nni
890 1316 979 1400 magd
991 1318 1100 1376 Utsur-

123 1435 162 1497 ῃ.
211 1409 407 1476 conferatur
438 1409 603 1497 Apollonii
631 1413 710 1477 Iex.
739 1413 841 1478 Hom.
870 1432 905 1498 p.
928 1430 981 1499 92.
1010 1411 1098 1477 Edit.

123 1510 181 1577 iliis
203 1511 386 1605 Hpsychius
406 1510 438 1576 in
453 1532 542 1592 vooe,
562 1534 636 1577 cum
656 1511 919 1583 aninudvsrfione
941 1513 1098 1600 interpre-

123 1632 150 1679 s.
183 1612 295 1679 Dona
305 1613 349 1678 eti
362 1611 402 1677 sd
416 1613 503 1678 bunc
518 1612 679 1679 Plutarchi
694 1614 803 1680 locum
816 1614 982 1680 annotatio
995 1614 1097 1681 Krob-

152 1713 227 1779 Nos
248 1712 335 1778 verbi
358 1712 434 1794 vim,
459 1712 717 1801 quandoquidem
737 1715 833 1781 semel
858 1714 891 1779 in
914 1716 978 1780 boe
1000 1736 1097 1805 argu·

123 1823 216 1879 otum
230 1812 355 1900 ingreiii
369 1812 488 1892 sumus,
503 1813 536 1878 in
548 1814 661 1900 primis
682 1836 722 1879 ex
744 1812 905 1881 Plutarchi
927 1815 1098 1879 consuetu·-

123 1934 140 1979 s
160 1913 417 2001 fignificsbimus.
460 1916 504 1979 Et
517 1915 657 2000 primum
671 1915 802 2002 quidem
817 1914 956 1981 tenenda
969 1915 1012 1980 est
1029 1914 1099 2004 ejus

123 2036 159 2103 go
182 2034 204 2079 s
224 2014 386 2100 primitivo
409 2020 483 2095 ἁλῶ,
507 2039 618 2095 noves,
646 2040 689 2095 ιο,
714 2015 802 2103 quod
827 2037 893 2081 non
915 2016 1035 2083 oblitus
1057 2018 1100 2084 est

123 2116 196 2181 dere
216 2116 250 2180 in
275 2114 452 2203 originibus
469 2115 614 2180 hodierni
632 2115 718 2182 verbi
737 2115 816 2180 alter
831 2117 1004 2205 Menagius
1016 2118 1099 2207 Ety-

123 2217 190 2305 log.
213 2216 310 2304 Ling.
334 2219 445 2282 Frons.
475 2238 508 2303 p.
530 2236 590 2284 οπο
622 2218 699 2284 binc
723 2219 796 2285 sunt
818 2219 984 2306 produdta,
1006 2221 1099 2302 ἅλᾶο,

123 2346 153 2400 s,
177 2318 263 2399 ἂλίοο,
285 2318 374 2398 ἀλόω,
395 2319 484 2398 ἀλόω,
508 2319 540 2382 in
563 2318 677 2407 quibus
698 2320 821 2384 errandi
842 2320 1040 2410 agitandique
1057 2322 1101 2390 est

123 2423 216 2502 stus,
244 2436 315 2487 tum
337 2422 400 2486 boc
421 2422 499 2485 ἀλόω
520 2421 618 2487 habet
640 2446 763 2488 errorem
785 2423 879 2488 animi
903 2423 953 2489 vel
977 2426 1021 2488 ad
1039 2437 1098 2491 ta.-

124 2550 153 2591 ss
171 2524 223 2591 rel
242 2525 288 2590 ad
302 2525 471 2611 gaudium.-
498 2524 591 2613 cujus
612 2526 745 2613 originis
763 2526 901 2615 diligens
923 2543 957 2594 et
976 2528 1101 2595 eruditu

127 2627 249 2692 notatio
260 2629 314 2693 Jo.
325 2629 410 2692 Dan.
421 2627 587 2713 lennepii‚
601 2641 633 2692 et
646 2629 718 2692 Tib.
727 2628 956 2694 Hemsterbutii
970 2629 1002 2695 in
1016 2632 1098 2718 Ety-

123 2728 234 2817 riogioo
251 2731 290 2794 L.
306 2731 366 2794 Gr.
380 2731 418 2794 T.
435 2731 463 2792 1.
486 2750 520 2814 p.
538 2730 610 2793 116.
625 2728 763 2814 indeque
777 2732 820 2794 est
833 2729 985 2793 Latinum
1000 2729 1099 2794 aluci-

123 2828 159 2895 ri.
192 2831 264 2895 Non
287 2830 389 2918 igitur
410 2852 484 2894 cum
509 2829 685 2915 Apollonio
709 2829 733 2893 l.
754 2851 784 2894 c.
808 2850 847 2893 ex
868 2856 888 2893 α
906 2844 1046 2916 negante
1067 2846 1102 2896 et

123 2930 268 3018 nfitvere
282 2930 555 3017 componendum,
571 2950 667 3016 quarn
680 2929 838 3016 originem
851 2929 960 3017 prodit
973 2952 1101 3017 quoque

123 3033 283 3120 ymologus
305 3035 356 3098 M.
380 3054 413 3118 p.
430 3048 483 3118 73.
508 3053 613 3096 veram
636 3045 743 3097 tamen
757 3031 947 3120 adjungens,
970 3037 1048 3119 rapot
1068 3035 1101 3098 si

123 3131 151 3211 i,
163 3135 194 3196 οδ
214 3142 383 3213 σλαοῶμοᾳ.
429 3131 529 3217 Apud
548 3131 723 3217 Scriptores
739 3132 875 3217 posteros
896 3132 1034 3199 maxime
1049 3132 1100 3198 in·

123 3230 168 3295 uit
187 3232 375 3318 fignificatio
396 3231 491 3295 animi
513 3230 644 3309 otiantis,
661 3231 833 3310 errabundi,
856 3230 933 3321 qnid
951 3245 1028 3318 agat
1047 3256 1100 3298 ne·
1174 3255 1176 3258 ·

123 3331 192 3412 ntis,
220 3332 345 3395 taedium
376 3331 569 3418 concipientis,
599 3332 689 3395 otium
709 3329 827 3417 fallere
850 3334 1031 3419 quaerentis:
1060 3335 1103 3400 de

123 3452 139 3496 s
162 3435 374 3522 exposuerunt
400 3448 517 3521 praeter
543 3433 801 3521 lexicogrnpbos
831 3435 1015 3500 recentioris
1043 3437 1101 3501 aevi

123 3530 240 3622 incipes,
262 3536 305 3599 G.
320 3534 476 3599 Budaeum
492 3535 676 3601 Comment.
693 3538 731 3603 L.
747 3536 806 3600 Gr.
828 3556 861 3621 p.
872 3551 927 3619 50.
964 3537 1010 3599 H.
1026 3537 1100 3600 Ste-

123 3656 214 3702 snum
228 3637 323 3703 Thes.
339 3641 377 3702 L.
392 3639 450 3701 Gr.
464 3639 503 3701 T.
517 3636 543 3700 1.
559 3658 591 3722 p.
605 3656 680 3722 310.
696 3652 729 3701 et
743 3638 805 3723 seq.
833 3638 903 3702 Jac.
919 3637 1102 3701 Perizonius

132 3738 246 3803 AEtian.
259 3740 338 3803 Var.
358 3739 439 3803 Hist.
455 3739 516 3802 IX.
531 3753 583 3822 25.
620 3741 652 3804 J.
672 3738 728 3802 Pb.
748 3736 921 3803 Dorvillius
946 3737 987 3800 sd
1011 3737 1101 3801 Cha·

123 3858 168 3903 on.
187 3861 223 3926 p.
236 3855 293 3923 47.
339 3839 383 3902 A.
406 3839 521 3903 Foesrus
545 3841 668 3905 OEoon.
691 3839 881 3924 Hippocrat.
903 3837 936 3901 in
959 3836 1103 3903 Vocibus

123 3941 216 4026 gmtis
228 3941 350 4020 Ἀλῦζεο,
363 3942 482 4020 ’Anium
496 3944 649 4022 Ἀλυσμὸς,
663 3941 811 4017 Ἀλοῶδης.
841 3940 880 4004 Is.
897 3940 1102 4007 casaubonus

123 4043 249 4108 ‚Athen
268 4063 302 4129 p.
313 4062 389 4131 339.
425 4043 533 4107 Verbo
547 4043 639 4108 ἀλύειν
657 4042 844 4107 Plutarchus
865 4041 898 4107 in
920 4043 1007 4131 Opp.
1022 4045 1100 4109 Mo·
1215 4025 1222 4037 ⁶

123 4136 189 4209 ibus
202 4168 268 4211 non
287 4144 341 4208 niti
361 4144 468 4223 semel,
484 4142 570 4229 quod
593 4144 699 4223 sciam,
722 4142 836 4227 utitur,
850 4154 884 4209 st
897 4143 930 4207 in
944 4143 1029 4208 Vitis
1043 4144 1100 4207 sae-

123 4260 158 4323 tt,
178 4245 298 4331 ubique
317 4243 378 4308 illis
402 4244 500 4308 modo
521 4243 613 4308 dinis
636 4243 925 4330 fignificationibus,
947 4243 1101 4327 nusquam

123 4344 224 4412 testate
249 4345 417 4434 gaudendi,
445 4343 625 4431 carsultnndi,
650 4346 804 4432 irascendi,
831 4342 1005 4433 irfirniendi.
1048 4344 1102 4409 De

123 4439 206 4511 ienis
225 4445 368 4511 Animal.
392 4467 426 4533 p.
441 4450 515 4533 965.
534 4449 585 4511 A:
608 4448 668 4528 μηδ’
687 4447 814 4520 ἀλύοντες
836 4450 862 4510 ἐν
878 4443 1014 4528 θεάτροις,
1034 4445 1101 4527 μηδὲ

123 4542 221 4623 'ibnsg
241 4554 268 4612 ir
289 4549 397 4634 θῆροις,
418 4572 511 4636 neque
528 4559 639 4633 tempus
649 4545 797 4632 fallentes
810 4547 843 4609 in
857 4544 992 4623 theatris,
1010 4569 1103 4634 neque

123 4640 207 4714 tsnn
228 4649 261 4715 is
281 4648 500 4717 venationibus.
538 4647 676 4716 Romulo
696 4669 729 4734 p.
746 4666 798 4736 19.
817 4648 863 4714 F:
887 4651 901 4711 t
922 4645 1046 4735 νεωκόρος
1065 4654 1102 4713 rt

626 4767 687 4829 04
