2684 5258
153 317 215 381 226
292 315 331 374 D.
345 313 397 373 W.
416 309 622 372 Anintsnv.
642 309 691 370 ΙΝ
710 306 943 371 rrurhscm
962 308 1044 371 Lm.

154 478 279 567 γλῶτῖας
291 487 395 558 vocat,
410 475 466 541 Or.
480 475 541 540 Xl.
556 495 590 562 p.
605 488 677 559 157.
692 473 732 539 B.
764 471 829 539 Sed
847 470 935 539 illins
948 471 1179 560 significationir

157 579 355 648 consuetudo
376 601 412 643 ac
431 576 477 641 vis
498 576 729 662 penulgateet
747 575 911 661 cognitae
925 575 1174 665 lexicograplis.

158 680 244 749 Illud
267 703 331 745 non
352 681 408 744 abs
429 701 463 743 re
484 676 628 744 rideatur
647 698 790 755 monere,
806 674 877 763 jam
899 676 1106 742 Aristotelem
1121 675 1171 743 lm

158 784 247 849 sensu
266 780 298 845 id
312 778 501 845 vocabulum
516 776 683 864 usurpasse,
703 777 926 845 Rhet.111.2.
940 796 976 863 3.
993 798 1047 843 11.
1070 777 1168 845 Poetis.
1199 826 1201 851 ;

158 905 230 969 cap.
245 901 297 959 21,
318 899 369 955 22,
391 900 444 964 23,
466 899 519 959 24,
540 893 592 962 25.
635 881 776 965 legatur
796 890 830 943 et
851 878 1068 944 Ruhnkenius
1087 879 1165 945 noser
1199 868 1201 873 ’

158 985 190 1049 in
205 980 360 1068 principio
375 979 570 1044 praelationis
592 979 633 1042 ad
653 978 831 1045 'limaeumr
857 978 892 1043 P.
906 976 1164 1067 Welselinginttl

145 1083 294 1152 Diodor.
310 1081 374 1147 Sic.
389 1082 427 1145 Τ.
442 1082 470 1143 l.
493 1101 526 1165 p.
537 1099 613 1165 310.
628 1093 660 1144 et
674 1080 728 1166 qui
742 1082 784 1146 ab
795 1102 836 1145 eo
849 1094 1082 1146 memorantur.

200 1201 253 1248 22.
268 1182 308 1246 C.
331 1181 477 1265 φιλόλογον
492 1180 538 1242 καὶ
553 1184 600 1243 οὐκ
614 1181 704 1266 ἀηδὲς]
736 1180 789 1246 Sic
812 1180 1003 1247 Plutarchus
1021 1180 1063 1248 de
1079 1178 1160 1246 Audi·

159 1285 247 1353 tione
268 1306 301 1371 p.
315 1303 369 1368 43.
385 1284 439 1348 D:
466 1284 496 1345 τὸ
515 1283 541 1344 δὲ
562 1281 640 1369 lrr'ps
662 1280 845 1368 προτείνοντος
865 1287 1015 1370 &necibus
1032 1286 1091 1366 μετ’
1102 1286 1160 1347 sits·

160 1387 223 1463 hs'u5
241 1388 306 1469 (tel)
326 1384 471 1469 φιλόλογον
484 1413 506 1470 ²8
522 1384 679 1447 κοινωνικόν.
716 1383 823 1449 Semel
833 1383 886 1448 hic
901 1396 1033 1449 notetur
1045 1378 1160 1449 vocsbtffi

160 1489 307 1575 potestas.
336 1488 446 1575 Quum
460 1485 577 1570 duplex
591 1486 627 1548 fit
639 1484 831 1571 cognitionis
843 1483 988 1564 materis,
1004 1484 1160 1570 alteraque

160 1588 289 1675 propria
313 1588 429 1652 mentis
456 1586 650 1672 cogitatione
674 1601 770 1672 etque
792 1584 1030 1672 investigatione
1055 1583 1160 1671 peritur,

161 1689 261 1755 altem
283 1688 316 1754 in
344 1689 430 1755 laeto
453 1689 561 1776 posita,
589 1687 721 1752 aliorum
745 1687 835 1754 nobis
857 1686 918 1753 fide
942 1701 979 1753 et
1002 1686 1161 1755 auctoricio

162 1789 277 1854 tradita
295 1811 332 1852 ac
351 1790 502 1873 probata:
527 1810 661 1873 quarum
674 1787 729 1850 illa
741 1786 967 1873 comple&itur
978 1810 1105 1853 omnem
1120 1806 1161 1851 nt·

163 1904 244 1955 turre
264 1888 494 1974 cognitionem,
519 1888 763 1974 philosophiam,
783 1903 817 1954 et
834 1889 1078 1955 mathematicas
1094 1886 1162 1955 disci·
1183 1956 1187 1969 ,

159 1989 276 2076 plinas,
304 1987 373 2056 haec
400 1985 579 2051 universum
608 1988 754 2052 Historiae
777 2003 810 2054 et
831 1988 1013 2055 Iitemrum
1037 1988 1163 2076 spatium

162 2108 296 2180 utraque
317 2091 494 2179 antiquitus
514 2093 643 2179 quidem
664 2116 730 2158 uno
747 2096 878 2161 nominc
897 2095 1007 2179 σοφίας,
1022 2109 1163 2179 mosph-

160 2183 505 2290 coplseappellsbatur.
550 2193 677 2258 Deinde
698 2195 828 2281 singulis
849 2194 945 2284 hujus
967 2198 1105 2284 pertibus
1120 2216 1164 2282 pe·

161 2295 322 2361 culiaritcr
335 2296 462 2362 trastari
474 2295 597 2383 coeptis,
612 2296 783 2381 peculiaria
795 2297 834 2363 iis
849 2297 980 2365 nomine
991 2298 1163 2387 postssmh

162 2399 261 2465 veluti
280 2398 532 2480 Mathematicis,
554 2397 704 2479 Medicis,
725 2400 873 2487 Physicis,
892 2402 1086 2483 Dialesticis,
1097 2400 1163 2469 Rhe-

162 2501 284 2582 toricis,
299 2501 389 2567 aliis:
413 2515 447 2566 et
469 2500 522 2565 ills
542 2523 670 2588 quoque
688 2501 863 2569 distributio
884 2504 1113 2593 appellatioque
1126 2501 1163 2567 iu·

164 2605 272 2669 stituta
284 2604 338 2681 est,
354 2614 391 2666 ut
405 2601 558 2689 quidquid
572 2601 815 2682 admotarum,
831 2603 1007 2687 Orationis,
1028 2618 1062 2672 et
1081 2602 1164 2671 ffllo

163 2706 218 2771 riae
238 2703 455 2790 cognitionem
474 2702 655 2787 pertineret,
678 2703 846 2792 Philologia
867 2706 1089 2792 appellaretur.
1124 2704 1164 2790 lp·

163 2805 232 2869 sum
261 2825 377 2867 nomen
405 2816 498 2866 aetate
525 2802 652 2888 quidem
680 2804 820 2871 Platonis
841 2805 987 2872 nondum
1008 2809 1165 2895 usurpatum

161 2902 253 2968 suillo
275 2901 417 2965 videturr
444 2901 529 2986 λόγος
553 2902 639 2989 apud
662 2926 736 2968 eum
760 2904 876 2971 dicitur
897 2906 1045 2972 decretum
1067 2920 1095 2972 el
1111 2904 1165 2995 pla-

162 3001 252 3065 citum
268 3000 475 3088 Philosopbiae,
491 3002 671 3089 horumque
685 3004 755 3069 osor
766 3004 927 3090 μισόλογος,
942 3007 1054 3073 odium
1073 3020 1164 3094 prul·-
1197 3058 1201 3089 :

162 3102 228 3188 yla,
252 3101 411 3168 Phaedone
434 3125 466 3189 p.
481 3104 555 3191 389.
572 3106 613 3169 G.
637 3105 688 3170 sed
711 3120 747 3171 ut
760 3107 949 3173 vocabulum
969 3107 1026 3175 illo
1039 3109 1101 3198 ipso
1113 3108 1166 3175 low
1197 3116 1201 3163 ²-

163 3204 296 3285 faslum,
315 3202 367 3268 cui
389 3206 430 3269 ab
443 3202 542 3269 altera
555 3219 645 3291 parte
660 3207 849 3293 respondens
864 3208 1011 3294 φιλόλογος
1029 3225 1063 3277 st
1078 3222 1167 3295 0000·
1199 3234 1201 3241 ·

164 3307 218 3395 yla
231 3306 376 3374 nondum
390 3306 476 3372 eliet.
520 3310 563 3372 Et
585 3308 736 3374 Isocrates
758 3332 854 3376 omne
875 3311 1077 3399 Eloquentia
1094 3325 1168 3397 atqw

165 3411 347 3476 orationum
374 3407 608 3476 scribendarum
636 3410 770 3481 studium
797 3413 1017 3493 sumspisset
1045 3414 1168 3501 possit

167 3511 325 3575 nominat.
362 3509 484 3574 Primus
501 3509 651 3596 philologi
672 3511 851 3598 cognomen
866 3513 920 3578 fibi
933 3515 1100 3593 vindicarit
1109 3516 1167 3583 Em·

166 3612 338 3692 tosthenes,
361 3629 398 3678 ut
421 3615 517 3679 refert
533 3613 707 3679 Suetonius
726 3614 766 3680 de
787 3616 900 3682 illustr.
916 3620 1096 3691 Grammat.
1109 3618 1169 3701 &l

169 3730 221 3791 10,
246 3710 454 3794 Philosophiae
469 3713 729 3787 cormnunionem
748 3737 768 3778 a
786 3715 817 3781 se
835 3716 900 3802 ipse
918 3734 953 3783 et
970 3721 1012 3784 ab
1025 3719 1169 3809 hujusne·

167 3809 263 3885 urinis
279 3809 434 3895 potestate
452 3809 587 3887 minime
603 3811 656 3877 ille
671 3814 849 3903 segregans.
888 3818 996 3885 Postea
1007 3820 1109 3909 magis
1118 3835 1170 3883 ms·

167 3913 278 4000 gisque
310 3908 364 3975 illa
396 3908 527 3974 notione
554 3910 687 3978 invaluit
719 3917 909 3983 vocabulum
937 3921 1124 4011 Philologin
1144 3924 1171 3979 ul

168 4013 432 4093 Grammaticam,
456 4012 622 4093 Criticam,
641 4017 855 4098 Rhetoricam,
879 4021 1053 4106 Poeticam,
1066 4034 1173 4091 omnm

168 4112 352 4195 Historiam,
372 4114 548 4180 Literarum
566 4114 782 4205 librorumque
804 4136 837 4184 et
858 4123 1060 4210 Scriptorum
1081 4116 1172 4211 003ῑῦ

168 4211 291 4287 tionem
303 4214 530 4304 judiciumque
545 4218 828 4306 complesleretur:
853 4244 1048 4313 quamquem
1065 4218 1175 4295 subinde
