2684 5258
200 168 202 173 .
267 132 309 202 ρο
379 128 484 188 nu.
504 122 900 188 aurumversrouas
919 123 969 187 nr
990 122 1236 187 eueniunt·

267 288 404 356 Homeri
431 288 552 357 dietum
578 291 728 377 spettarit
755 289 921 356 Himerius
949 289 1007 356 Or.
1033 288 1145 356 XXX.
1175 308 1210 378 p.
1226 287 1317 378 858.

266 392 342 459 edit.
360 394 560 461 Wernsdorf.
580 393 653 459 loeo
667 394 779 458 misere
800 393 951 459 lacerato.
995 395 1049 458 An
1064 415 1148 459 uero
1169 392 1309 483 scriptor

265 496 361 584 hujus
389 496 498 576 libelli,
527 509 565 561 ut
590 496 710 561 scilicet
737 495 910 582 discipulus
935 495 999 561 veri
1033 494 1209 577 Plutarchi,
1238 495 1308 564 hoe

267 599 424 664 Phoenicis
439 599 583 686 elogium
602 597 674 663 satis
696 598 728 663 in
752 595 867 686 vulgus
879 610 993 664 notum
1010 597 1158 663 censuit?
1183 599 1304 687 quippe

233 728 235 733 ⁴
264 702 416 788 peculiari
430 702 510 766 libro
526 701 712 788 explicitum
732 724 751 764 a
770 701 960 782 Plutarch03
983 699 1140 788 siquidem
1154 701 1188 765 in
1203 702 1300 768 Ium-

264 801 341 890 prlae
357 802 526 889 catalogo,
544 805 645 868 Num.
663 818 735 887 177.
753 816 949 867 memoratur
960 800 1122 887 Ἀχιλλέως
1135 800 1257 869 παιδεία.

305 923 338 984 4.
353 904 391 968 Β.
414 905 598 979 Διδασκᾶλυς
617 910 675 992 γὰρ
697 904 820 987 ζητητέον
840 908 896 978 τοῖς
918 903 1038 991 νέοις-]
1065 905 1219 972 Discendi
1237 905 1295 973 ini·

263 1002 346 1069 tium
362 1027 441 1093 puer
455 1006 592 1071 faciebat
605 1006 691 1092 apud
703 1006 880 1086 διδάσκαλον,
900 1004 997 1093 idque
1011 1007 1133 1073 comite
1147 1008 1296 1098 pedago-

263 1127 320 1191 go,
335 1129 420 1172 anno
433 1109 498 1172 fere
511 1109 665 1195 septimo:
689 1108 776 1196 quod
785 1107 856 1195 jam
870 1109 962 1193 supra
976 1106 1158 1174 notavimus
1172 1112 1294 1197 ΜΛ.

264 1207 340 1272 Huc
362 1208 545 1275 referendus
566 1211 609 1274 est
630 1209 869 1297 Quinmilianue
891 1210 991 1274 instit.
1015 1211 1072 1276 Or.
1094 1213 1122 1277 1.
1139 1232 1169 1276 1.
1192 1233 1225 1300 p.
1240 1228 1293 1297 172

265 1307 397 1393 Quidam
421 1308 514 1374 literis
535 1309 732 1395 imbuendos,
753 1311 805 1397 qui
825 1311 946 1374 minores
959 1312 1074 1399 septem
1093 1312 1184 1376 annis
1200 1313 1294 1401 efferet,

262 1431 320 1472 non
341 1423 527 1498 putaverunt
533 1435 542 1492 3
560 1412 640 1501 quod
656 1411 713 1475 illo
729 1411 859 1499 primum
878 1424 955 1474 aetor
973 1423 1000 1474 et
1017 1410 1198 1478 melleduni
1211 1415 1295 1502 disci·

256 1510 414 1598 plinarum
429 1527 530 1601 capere
544 1526 571 1577 et
586 1515 713 1578 laborem
728 1512 796 1601 pati
812 1511 906 1602 poffit.
943 1515 981 1577 ln
992 1538 1054 1602 qua
1061 1515 1217 1602 sententia
1230 1514 1295 1582 Huc

251 1610 372 1696 stodum
393 1613 446 1698 effe
464 1613 589 1699 plurimi
610 1615 746 1692 tradunt,
762 1613 814 1700 qui
833 1625 903 1676 onte
920 1613 1155 1679 Grammatinm
1177 1615 1295 1700 Aristo·

258 1713 387 1799 phonem
396 1713 549 1799 fuerunt3
572 1738 642 1777 nom
657 1715 682 1777 is
698 1715 812 1800 primus
826 1717 975 1794 orobitae,
990 1715 1022 1779 iu
1037 1740 1093 1803 quo
1108 1716 1184 1782 libro
1193 1718 1294 1805 scrip-

261 1824 324 1878 turn
339 1816 391 1879 boc
404 1817 568 1897 invenitur,
583 1818 709 1905 negavit
724 1819 777 1903 effe
792 1819 880 1903 hujus
899 1831 1004 1904 pocta.
1042 1820 1105 1884 Sari
1117 1819 1175 1885 atii
1187 1841 1299 1909 quoquc

261 1923 404 1996 auctores,
424 1917 500 1980 inter
514 1941 584 2005 quos
599 1917 817 2005 Eratosthenes,
831 1920 908 1983 idom
925 1931 1140 2010 praeceperunt.
1178 1923 1300 2000 Metine

260 2029 370 2098 autem,
386 2020 438 2106 qui
450 2018 566 2085 nullum
583 2033 692 2107 tempus
707 2043 777 2083 curo
790 2042 901 2084 uocare
913 2022 1030 2102 volunt,
1046 2032 1080 2086 ut
1094 2021 1297 2111 befippurg

259 2143 331 2185 nom
344 2120 382 2200 is,
398 2122 537 2212 quamvis
558 2121 720 2187 nutricibus
739 2122 899 2186 triennium
917 2114 1045 2204 'dederit
1066 2134 1162 2187 tantm
1176 2123 1301 2187 abillis

259 2247 371 2314 quoque
381 2226 451 2313 jam
467 2224 687 2311 irfforrnartdom
709 2248 798 2312 quom
814 2224 929 2312 optimis
942 2224 1082 2309 irfiitutir
1101 2237 1226 2290 mentem
1245 2228 1296 2291 iu·

247 2326 390 2410 fantium
402 2327 535 2416 judicat.
582 2327 671 2392 Idem
689 2326 714 2390 Ι.
732 2346 762 2392 2.
785 2348 817 2413 p.
833 2344 891 2411 25:
916 2338 944 2389 et
962 2338 1167 2415 praceptorum
1189 2327 1296 2417 eligere

248 2428 464 2516 sanctiffimum
486 2452 636 2515 quemque,
660 2427 741 2510 cujus
764 2428 808 2490 rei
831 2428 984 2515 praecipua
1002 2428 1201 2516 prudentibus
1223 2452 1294 2495 eura

257 2528 306 2613 ss,
321 2543 350 2592 et
363 2529 548 2618 disciplinam
567 2554 636 2616 quae
654 2530 780 2592 maxime
791 2531 903 2615 seuera
915 2530 1030 2615 fuerit,
1053 2530 1137 2594 licet.-
1160 2530 1292 2598 ettubilo

256 2628 355 2691 miuus
369 2631 493 2692 amicum
503 2650 633 2716 grauem
647 2630 759 2707 uirum,
776 2630 960 2716 autfidrlern
976 2630 1114 2696 libertum
1124 2632 1215 2697 lateri
1224 2630 1292 2722 fitir'

245 2727 301 2814 Jiri
323 2728 498 2818 acsj'urrgere,
523 2730 604 2816 cujus
627 2727 757 2815 offlduus
783 2731 934 2794 comitatus
956 2731 1045 2795 etiam
1073 2729 1141 2797 illos
1162 2733 1290 2798 melioret

244 2828 362 2917 sociat,
377 2830 428 2918 qui
442 2830 632 2894 timebuntur.
662 2831 791 2896 Hefiodi
806 2838 939 2913 brubium
953 2832 1206 2902 nominabantur
1218 2834 1287 2923 qui·

255 2929 331 2994 dem
352 2930 451 2996 etiam
472 2943 634 3016 praecepta
656 2931 818 2996 Carminis
831 2930 932 3020 Ἔργα
951 2934 973 3020 ’l
992 2932 1130 3020 Ἡμέραι
1161 2933 1287 3000 sedhic

254 3032 295 3097 de
318 3032 392 3113 elio,
415 3032 512 3120 hujus
533 3032 684 3112 nominis,
706 3038 851 3113 metim,
870 3033 998 3120 perdito
1016 3034 1170 3103 Carmine
1189 3036 1287 3102 semo

253 3135 309 3215 est,
325 3133 522 3223 quodetiam
537 3133 577 3198 ad
594 3133 781 3214 Chironem,
798 3134 935 3199 Achillis
949 3135 1156 3218 nutritorem,
1171 3137 1286 3204 resero·

252 3238 365 3303 batur:
386 3238 513 3324 dequo
531 3239 561 3304 J.
576 3237 618 3301 A.
638 3234 800 3302 Fabricius
820 3235 904 3300 Bibl.
924 3237 1030 3300 Graec.
1045 3237 1121 3301 Vol.
1137 3238 1166 3302 1.
1189 3257 1285 3324 p-13·

251 3339 370 3423 Neque
387 3361 474 3420 vero,
496 3339 584 3427 quod
605 3339 651 3404 ait
673 3337 793 3424 Regius
817 3336 848 3401 in
872 3349 950 3402 nota
968 3338 1009 3402 ad
1028 3337 1284 3426 Quintiilianrmr

250 3436 274 3501 l.
290 3458 320 3500 c.
344 3457 376 3523 p.
397 3439 446 3501 18.
482 3440 670 3505 Aristoteles
692 3438 786 3503 Polit.
801 3440 878 3502 VII.
897 3455 947 3523 17.
970 3439 1124 3525 praecepti
1147 3438 1285 3507 Hefiodii

252 3538 421 3620 meminit3
445 3540 565 3625 quippe
587 3540 643 3624 qui
664 3540 819 3605 omittens
841 3540 970 3605 Hefiodi
988 3564 1118 3621 nomen,
1134 3543 1283 3632 frequen·

251 3656 354 3709 tatem
367 3640 525 3729 plerisque
540 3638 725 3725 septennem
741 3642 946 3707 institutionis
961 3642 1219 3711 distributionem
1235 3667 1284 3713 re·-

249 3744 434 3834 prehendit.
463 3741 641 3828 Disciplina
654 3742 735 3807 dura
747 3764 785 3808 ac
800 3745 904 3809 severa
917 3767 981 3831 qua
989 3768 1074 3831 puer
1087 3769 1107 3810 e
1121 3749 1283 3837 magistro,

250 3848 442 3935 pedagogo,
468 3844 667 3931 perentibus,
693 3846 890 3924 continetur,
913 3847 1055 3935 eleganti
1084 3849 1207 3917 Chreia
1227 3850 1280 3915 de-

248 3945 398 4014 scribitur
419 3948 451 4013 in
476 3946 750 4032 Paradigrrratibue
769 3949 910 4012 Theonis
932 3971 964 4036 p.
984 3971 1054 4036 130.
1070 3964 1105 4018 et
1119 3954 1185 4041 seq.
1206 3952 1283 4019 editi

247 4047 339 4126 Basrl.
353 4050 386 4115 8.
403 4066 498 4135 1541.
513 4062 548 4116 et
561 4049 618 4116 sub
633 4049 758 4117 Libanii
773 4049 903 4124 nomine
917 4054 956 4120 Τ.
967 4055 994 4118 Ι.
1009 4075 1043 4141 p.
1059 4068 1110 4141 15.
1139 4054 1281 4124 Pertinet
