<?xml version="1.0" encoding="UTF-8"?>
<!DOCTYPE html PUBLIC "-//W3C//DTD XHTML 1.0 Transitional//EN"
    "http://www.w3.org/TR/xhtml1/DTD/xhtml1-transitional.dtd">
<html xmlns="http://www.w3.org/1999/xhtml" xml:lang="en" lang="en">
 <head>
  <title>
</title>
<meta http-equiv="Content-Type" content="text/html;charset=utf-8" />
  <meta name='ocr-system' content='tesseract 3.04.00' />
  <meta name='ocr-capabilities' content='ocr_page ocr_carea ocr_par ocr_line ocrx_word'/>
</head>
<body>
  <div class='ocr_page' id='page_1' title='image "./plutarchichaero19plutgoog_0264.png"; bbox 0 0 2684 5258; ppageno 0'>
   <div class='ocr_carea' id='block_1_1' title="bbox 162 347 1054 411">
    <p class='ocr_par' dir='ltr' id='par_1_1' title="bbox 162 347 1054 411">
     <span class='ocr_line' id='line_1_1' title="bbox 162 347 1054 411; baseline -0.004 0"><span class='ocrx_word' id='word_1_1' title='bbox 162 358 225 411; x_wconf 78' lang='lat'>250</span> <span class='ocrx_word' id='word_1_2' title='bbox 307 350 346 407; x_wconf 92' lang='lat' dir='ltr'>D.</span> <span class='ocrx_word' id='word_1_3' title='bbox 358 350 410 409; x_wconf 90' lang='lat' dir='ltr'>W.</span> <span class='ocrx_word' id='word_1_4' title='bbox 430 348 638 409; x_wconf 80' lang='lat' dir='ltr'><strong>ANIMADV.</strong></span> <span class='ocrx_word' id='word_1_5' title='bbox 657 349 704 407; x_wconf 88' lang='lat' dir='ltr'>IN</span> <span class='ocrx_word' id='word_1_6' title='bbox 726 347 959 409; x_wconf 67' lang='lat' dir='ltr'>ramanent</span> <span class='ocrx_word' id='word_1_7' title='bbox 977 348 1054 409; x_wconf 83' lang='lat' dir='ltr'>us.</span> 
     </span>
    </p>
   </div>
   <div class='ocr_carea' id='block_1_2' title="bbox 165 507 1128 804">
    <p class='ocr_par' dir='ltr' id='par_1_2' title="bbox 165 507 1128 804">
     <span class='ocr_line' id='line_1_2' title="bbox 165 507 1128 599; baseline 0 -24"><span class='ocrx_word' id='word_1_8' title='bbox 165 512 199 577; x_wconf 92' lang='lat' dir='ltr'>in</span> <span class='ocrx_word' id='word_1_9' title='bbox 220 512 351 577; x_wconf 85' lang='lat' dir='ltr'>censura</span> <span class='ocrx_word' id='word_1_10' title='bbox 373 511 512 599; x_wconf 84' lang='lat' dir='ltr'><strong>Longini</strong></span> <span class='ocrx_word' id='word_1_11' title='bbox 535 511 691 598; x_wconf 83' lang='lat' dir='ltr'>Toupiani</span> <span class='ocrx_word' id='word_1_12' title='bbox 713 510 798 575; x_wconf 69' lang='lat' dir='ltr'>sect.</span> <span class='ocrx_word' id='word_1_13' title='bbox 814 512 960 576; x_wconf 83' lang='lat' dir='ltr'><strong>xxxn.</strong></span> <span class='ocrx_word' id='word_1_14' title='bbox 1001 507 1128 575; x_wconf 86' lang='lat' dir='ltr'>Bibliotl</span> 
     </span>
     <span class='ocr_line' id='line_1_3' title="bbox 166 612 1128 699; baseline -0.001 -21"><span class='ocrx_word' id='word_1_15' title='bbox 166 615 249 679; x_wconf 87' lang='lat' dir='ltr'>Crit.</span> <span class='ocrx_word' id='word_1_16' title='bbox 264 615 339 679; x_wconf 83' lang='lat' dir='ltr'>Vol.</span> <span class='ocrx_word' id='word_1_17' title='bbox 352 616 379 678; x_wconf 90' lang='lat' dir='ltr'>l.</span> <span class='ocrx_word' id='word_1_18' title='bbox 394 617 475 679; x_wconf 84' lang='lat' dir='ltr'>Part.</span> <span class='ocrx_word' id='word_1_19' title='bbox 491 616 554 679; x_wconf 94' lang='lat' dir='ltr'>Ill.</span> <span class='ocrx_word' id='word_1_20' title='bbox 567 636 600 699; x_wconf 91' lang='lat' dir='ltr'>p.</span> <span class='ocrx_word' id='word_1_21' title='bbox 611 634 673 699; x_wconf 84' lang='lat'>49:</span> <span class='ocrx_word' id='word_1_22' title='bbox 696 613 813 699; x_wconf 83' lang='lat' dir='ltr'>quibus</span> <span class='ocrx_word' id='word_1_23' title='bbox 830 612 992 678; x_wconf 84' lang='lat' dir='ltr'><strong>addantur</strong></span> <span class='ocrx_word' id='word_1_24' title='bbox 1006 613 1069 677; x_wconf 82' lang='lat' dir='ltr'>alia</span> <span class='ocrx_word' id='word_1_25' title='bbox 1084 634 1128 677; x_wconf 83' lang='lat' dir='ltr'>ext</span> 
     </span>
     <span class='ocr_line' id='line_1_4' title="bbox 165 713 1128 804; baseline -0.005 -22"><span class='ocrx_word' id='word_1_26' title='bbox 165 719 238 804; x_wconf 79' lang='lat' dir='ltr'>pla:</span> <span class='ocrx_word' id='word_1_27' title='bbox 263 716 422 783; x_wconf 83' lang='lat' dir='ltr'>Plutarchi</span> <span class='ocrx_word' id='word_1_28' title='bbox 438 716 479 781; x_wconf 86' lang='lat' dir='ltr'>dc</span> <span class='ocrx_word' id='word_1_29' title='bbox 493 720 570 801; x_wconf 85' lang='lat' dir='ltr'>Rep.</span> <span class='ocrx_word' id='word_1_30' title='bbox 588 715 736 780; x_wconf 86' lang='lat' dir='ltr'>Gerenda</span> <span class='ocrx_word' id='word_1_31' title='bbox 753 736 786 799; x_wconf 88' lang='lat' dir='ltr'>p.</span> <span class='ocrx_word' id='word_1_32' title='bbox 797 716 872 798; x_wconf 83' lang='lat'><strong>807.</strong></span> <span class='ocrx_word' id='word_1_33' title='bbox 888 715 930 779; x_wconf 92' lang='lat' dir='ltr'>C.</span> <span class='ocrx_word' id='word_1_34' title='bbox 967 713 1128 778; x_wconf 83' lang='lat' dir='ltr'>Coriolano</span> 
     </span>
    </p>
   </div>
   <div class='ocr_carea' id='block_1_3' title="bbox 150 815 1128 4256">
    <p class='ocr_par' dir='ltr' id='par_1_3' title="bbox 163 815 1128 999">
     <span class='ocr_line' id='line_1_5' title="bbox 165 815 1128 905; baseline -0.007 -18"><span class='ocrx_word' id='word_1_35' title='bbox 165 840 239 887; x_wconf 65' lang='grc' dir='ltr'>σοι.</span> <span class='ocrx_word' id='word_1_36' title='bbox 255 820 302 883; x_wconf 89' lang='lat' dir='ltr'>C:</span> <span class='ocrx_word' id='word_1_37' title='bbox 326 819 462 882; x_wconf 84' lang='lat' dir='ltr'>Maximi</span> <span class='ocrx_word' id='word_1_38' title='bbox 483 818 570 905; x_wconf 84' lang='lat' dir='ltr'>Tyrii</span> <span class='ocrx_word' id='word_1_39' title='bbox 591 817 718 883; x_wconf 85' lang='lat' dir='ltr'>Dissert.</span> <span class='ocrx_word' id='word_1_40' title='bbox 732 818 810 882; x_wconf 91' lang='lat' dir='ltr'>Vll.</span> <span class='ocrx_word' id='word_1_41' title='bbox 828 818 870 881; x_wconf 81' lang='lat'>8:</span> <span class='ocrx_word' id='word_1_42' title='bbox 893 815 1017 882; x_wconf 85' lang='lat' dir='ltr'>AEliani</span> <span class='ocrx_word' id='word_1_43' title='bbox 1034 816 1128 901; x_wconf 78' lang='lat' dir='ltr'>opst</span> 
     </span>
     <span class='ocr_line' id='line_1_6' title="bbox 163 918 1077 999; baseline -0.013 -14"><span class='ocrx_word' id='word_1_44' title='bbox 163 943 240 985; x_wconf 84' lang='lat' dir='ltr'>voce</span> <span class='ocrx_word' id='word_1_45' title='bbox 253 918 408 999; x_wconf 62' lang='grc' dir='ltr'>Ῥιπίξετσρ.</span> <span class='ocrx_word' id='word_1_46' title='bbox 1074 968 1077 973; x_wconf 94' lang='grc'><strong>.</strong></span> 
     </span>
    </p>

    <p class='ocr_par' dir='ltr' id='par_1_4' title="bbox 162 1018 1128 1616">
     <span class='ocr_line' id='line_1_7' title="bbox 206 1018 1127 1108; baseline -0.004 -22"><span class='ocrx_word' id='word_1_47' title='bbox 206 1023 257 1087; x_wconf 77' lang='lat'>26.</span> <span class='ocrx_word' id='word_1_48' title='bbox 267 1024 305 1085; x_wconf 93' lang='lat' dir='ltr'>B.</span> <span class='ocrx_word' id='word_1_49' title='bbox 328 1025 351 1082; x_wconf 89' lang='grc' dir='ltr'>οί</span> <span class='ocrx_word' id='word_1_50' title='bbox 364 1025 412 1097; x_wconf 71' lang='grc' dir='ltr'>τὴν</span> <span class='ocrx_word' id='word_1_51' title='bbox 426 1020 578 1094; x_wconf 76' lang='grc' dir='ltr'><em>Πλάτωνος</em></span> <span class='ocrx_word' id='word_1_52' title='bbox 596 1019 797 1103; x_wconf 79' lang='grc' dir='ltr'><em>διτομιμιίμινοι</em></span> <span class='ocrx_word' id='word_1_53' title='bbox 810 1020 979 1108; x_wconf 72' lang='grc' dir='ltr'><em>κυρτότητα,</em></span> <span class='ocrx_word' id='word_1_54' title='bbox 995 1018 1041 1100; x_wconf 58' lang='grc' dir='ltr'><em>καὶ</em></span> <span class='ocrx_word' id='word_1_55' title='bbox 1050 1020 1127 1096; x_wconf 71' lang='grc' dir='ltr'><em>ινὶνίδ</em></span> 
     </span>
     <span class='ocr_line' id='line_1_8' title="bbox 163 1122 1128 1210; baseline -0.002 -23"><span class='ocrx_word' id='word_1_56' title='bbox 163 1123 279 1199; x_wconf 78' lang='grc' dir='ltr'><em>ςοτίλνς</em></span> <span class='ocrx_word' id='word_1_57' title='bbox 299 1124 529 1210; x_wconf 45' lang='lat' dir='ltr'>speculam]</span> <span class='ocrx_word' id='word_1_58' title='bbox 558 1128 593 1188; x_wconf 93' lang='lat' dir='ltr'>lu</span> <span class='ocrx_word' id='word_1_59' title='bbox 613 1123 727 1189; x_wconf 88' lang='lat' dir='ltr'>codem</span> <span class='ocrx_word' id='word_1_60' title='bbox 746 1138 940 1210; x_wconf 85' lang='lat' dir='ltr'>argumento</span> <span class='ocrx_word' id='word_1_61' title='bbox 952 1122 1128 1189; x_wconf 84' lang='lat' dir='ltr'>versaturPlr</span> 
     </span>
     <span class='ocr_line' id='line_1_9' title="bbox 162 1223 1128 1311; baseline -0.004 -21"><span class='ocrx_word' id='word_1_62' title='bbox 162 1226 277 1291; x_wconf 86' lang='lat' dir='ltr'>archus</span> <span class='ocrx_word' id='word_1_63' title='bbox 291 1224 331 1288; x_wconf 84' lang='lat' dir='ltr'>dc</span> <span class='ocrx_word' id='word_1_64' title='bbox 346 1224 493 1289; x_wconf 82' lang='lat' dir='ltr'>Dil&#39;crim.</span> <span class='ocrx_word' id='word_1_65' title='bbox 508 1226 615 1289; x_wconf 80' lang='lat' dir='ltr'><strong>Amici</strong></span> <span class='ocrx_word' id='word_1_66' title='bbox 637 1240 671 1289; x_wconf 82' lang='lat' dir='ltr'>et</span> <span class='ocrx_word' id='word_1_67' title='bbox 692 1225 825 1289; x_wconf 85' lang='lat' dir='ltr'>Adulat.</span> <span class='ocrx_word' id='word_1_68' title='bbox 846 1247 878 1311; x_wconf 93' lang='lat' dir='ltr'>p.</span> <span class='ocrx_word' id='word_1_69' title='bbox 893 1242 948 1309; x_wconf 84' lang='lat'>53.</span> <span class='ocrx_word' id='word_1_70' title='bbox 964 1226 1013 1290; x_wconf 84' lang='lat' dir='ltr'>C:</span> <span class='ocrx_word' id='word_1_71' title='bbox 1036 1223 1078 1303; x_wconf 67' lang='lat' dir='ltr'>aa)</span> <span class='ocrx_word' id='word_1_72' title='bbox 1094 1224 1128 1287; x_wconf 83' lang='lat' dir='ltr'>m</span> 
     </span>
     <span class='ocr_line' id='line_1_10' title="bbox 162 1322 1128 1413; baseline 0 -22"><span class='ocrx_word' id='word_1_73' title='bbox 162 1352 243 1401; x_wconf 80' lang='grc' dir='ltr'><em>τοοκος</em></span> <span class='ocrx_word' id='word_1_74' title='bbox 262 1325 448 1407; x_wconf 54' lang='grc' dir='ltr'><em>ἀπομιμεῖσθαί</em></span> <span class='ocrx_word' id='word_1_75' title='bbox 469 1344 537 1406; x_wconf 83' lang='grc' dir='ltr'><em>φασι</em></span> <span class='ocrx_word' id='word_1_76' title='bbox 558 1325 607 1400; x_wconf 66' lang='lat' dir='ltr'>rig</span> <span class='ocrx_word' id='word_1_77' title='bbox 634 1326 755 1403; x_wconf 70' lang='grc' dir='ltr'><em>συνήθεις</em></span> <span class='ocrx_word' id='word_1_78' title='bbox 774 1327 807 1388; x_wconf 81' lang='lat' dir='ltr'>ri</span> <span class='ocrx_word' id='word_1_79' title='bbox 832 1324 985 1411; x_wconf 71' lang='grc' dir='ltr'><em>ίπίκυρτον,</em></span> <span class='ocrx_word' id='word_1_80' title='bbox 1005 1322 1128 1413; x_wconf 57' lang='lat' dir='ltr'>’affl</span> 
     </span>
     <span class='ocr_line' id='line_1_11' title="bbox 163 1426 1128 1517; baseline -0.005 -25"><span class='ocrx_word' id='word_1_81' title='bbox 163 1430 256 1492; x_wconf 76' lang='grc' dir='ltr'><em>δὶτδν</em></span> <span class='ocrx_word' id='word_1_82' title='bbox 271 1427 494 1517; x_wconf 53' lang='grc' dir='ltr'><em>τραυλισμίμ.</em></span> <span class='ocrx_word' id='word_1_83' title='bbox 529 1426 705 1492; x_wconf 87' lang='lat' dir='ltr'>Aristotelis</span> <span class='ocrx_word' id='word_1_84' title='bbox 722 1426 896 1491; x_wconf 82' lang='lat' dir='ltr'>balbutiem</span> <span class='ocrx_word' id='word_1_85' title='bbox 919 1429 1016 1492; x_wconf 75' lang='lat' dir='ltr'>verbo</span> <span class='ocrx_word' id='word_1_86' title='bbox 1037 1446 1128 1491; x_wconf 80' lang='lat' dir='ltr'>mernor</span> 
     </span>
     <span class='ocr_line' id='line_1_12' title="bbox 163 1528 1049 1616; baseline -0.003 -20"><span class='ocrx_word' id='word_1_87' title='bbox 163 1530 328 1615; x_wconf 83' lang='lat' dir='ltr'>Diogenes</span> <span class='ocrx_word' id='word_1_88' title='bbox 342 1532 448 1593; x_wconf 78' lang='lat' dir='ltr'>laert.</span> <span class='ocrx_word' id='word_1_89' title='bbox 463 1531 505 1593; x_wconf 88' lang='lat' dir='ltr'>V.</span> <span class='ocrx_word' id='word_1_90' title='bbox 523 1550 552 1593; x_wconf 92' lang='lat'>1.</span> <span class='ocrx_word' id='word_1_91' title='bbox 575 1529 630 1593; x_wconf 91' lang='lat' dir='ltr'>ubi</span> <span class='ocrx_word' id='word_1_92' title='bbox 644 1528 735 1614; x_wconf 86' lang='lat' dir='ltr'>plura</span> <span class='ocrx_word' id='word_1_93' title='bbox 747 1528 850 1593; x_wconf 85' lang='lat' dir='ltr'>adfert</span> <span class='ocrx_word' id='word_1_94' title='bbox 865 1529 1049 1616; x_wconf 84' lang='lat' dir='ltr'>Menagius.</span> 
     </span>
    </p>

    <p class='ocr_par' dir='ltr' id='par_1_5' title="bbox 150 1628 1128 3338">
     <span class='ocr_line' id='line_1_13' title="bbox 208 1628 1128 1718; baseline -0.009 -23"><span class='ocrx_word' id='word_1_95' title='bbox 208 1634 260 1695; x_wconf 89' lang='lat'>26.</span> <span class='ocrx_word' id='word_1_96' title='bbox 277 1633 315 1695; x_wconf 91' lang='lat' dir='ltr'>B.</span> <span class='ocrx_word' id='word_1_97' title='bbox 346 1628 438 1718; x_wconf 81' lang='grc' dir='ltr'><em>ιδσπιρ</em></span> <span class='ocrx_word' id='word_1_98' title='bbox 458 1632 508 1693; x_wconf 73' lang='lat' dir='ltr'>tini</span> <span class='ocrx_word' id='word_1_99' title='bbox 531 1629 734 1711; x_wconf 70' lang='grc' dir='ltr'>δεισιδαιμονίας</span> <span class='ocrx_word' id='word_1_100' title='bbox 756 1634 782 1692; x_wconf 68' lang='grc' dir='ltr'>ἐν</span> <span class='ocrx_word' id='word_1_101' title='bbox 805 1634 864 1715; x_wconf 72' lang='grc' dir='ltr'>ἱερῷ</span> <span class='ocrx_word' id='word_1_102' title='bbox 884 1629 995 1716; x_wconf 73' lang='grc' dir='ltr'><em>φρίτίιιν</em></span> <span class='ocrx_word' id='word_1_103' title='bbox 1015 1628 1128 1693; x_wconf 73' lang='grc' dir='ltr'><em>νίπτονται</em></span> 
     </span>
     <span class='ocr_line' id='line_1_14' title="bbox 163 1728 1128 1820; baseline -0.002 -25"><span class='ocrx_word' id='word_1_104' title='bbox 163 1733 374 1820; x_wconf 48' lang='grc' dir='ltr'><em>προσκννᾶμ]</em></span> <span class='ocrx_word' id='word_1_105' title='bbox 396 1734 493 1795; x_wconf 79' lang='lat' dir='ltr'>iurat</span> <span class='ocrx_word' id='word_1_106' title='bbox 506 1752 675 1815; x_wconf 81' lang='lat' dir='ltr'>apponere,</span> <span class='ocrx_word' id='word_1_107' title='bbox 690 1728 777 1815; x_wconf 90' lang='lat' dir='ltr'>quod</span> <span class='ocrx_word' id='word_1_108' title='bbox 791 1744 823 1793; x_wconf 90' lang='lat' dir='ltr'>ct</span> <span class='ocrx_word' id='word_1_109' title='bbox 840 1728 986 1793; x_wconf 80' lang='lat' dir='ltr'>Krebfius</span> <span class='ocrx_word' id='word_1_110' title='bbox 1000 1730 1081 1807; x_wconf 84' lang='lat' dir='ltr'>lecit,</span> <span class='ocrx_word' id='word_1_111' title='bbox 1093 1748 1128 1793; x_wconf 81' lang='grc' dir='ltr'>σοι</span> 
     </span>
     <span class='ocr_line' id='line_1_15' title="bbox 166 1830 1123 1922; baseline -0.005 -24"><span class='ocrx_word' id='word_1_112' title='bbox 166 1833 337 1922; x_wconf 86' lang='lat' dir='ltr'>paratiouis</span> <span class='ocrx_word' id='word_1_113' title='bbox 351 1832 534 1917; x_wconf 81' lang='lat' dir='ltr'>exemplum</span> <span class='ocrx_word' id='word_1_114' title='bbox 550 1856 567 1895; x_wconf 85' lang='lat' dir='ltr'>e</span> <span class='ocrx_word' id='word_1_115' title='bbox 585 1830 742 1896; x_wconf 82' lang='lat' dir='ltr'>Plutarchi</span> <span class='ocrx_word' id='word_1_116' title='bbox 756 1832 837 1896; x_wconf 89' lang='lat' dir='ltr'>libro</span> <span class='ocrx_word' id='word_1_117' title='bbox 855 1832 895 1897; x_wconf 87' lang='lat' dir='ltr'>de</span> <span class='ocrx_word' id='word_1_118' title='bbox 916 1833 1123 1919; x_wconf 76' lang='lat' dir='ltr'>superstitione</span> 
     </span>
     <span class='ocr_line' id='line_1_16' title="bbox 167 1934 1128 2021; baseline -0.007 -18"><span class='ocrx_word' id='word_1_119' title='bbox 167 1942 238 2003; x_wconf 87' lang='lat'><strong>166.</strong></span> <span class='ocrx_word' id='word_1_120' title='bbox 255 1940 301 2000; x_wconf 87' lang='lat' dir='ltr'>E:</span> <span class='ocrx_word' id='word_1_121' title='bbox 326 1934 372 2006; x_wconf 76' lang='lat' dir='ltr'>nui</span> <span class='ocrx_word' id='word_1_122' title='bbox 384 1936 527 2015; x_wconf 70' lang='grc' dir='ltr'><em>πολεμίας</em></span> <span class='ocrx_word' id='word_1_123' title='bbox 540 1936 694 2019; x_wconf 65' lang='grc' dir='ltr'><em>φεύγοντες,</em></span> <span class='ocrx_word' id='word_1_124' title='bbox 714 1936 747 1998; x_wconf 68' lang='grc' dir='ltr'>ὃν</span> <span class='ocrx_word' id='word_1_125' title='bbox 762 1938 931 2021; x_wconf 49' lang='lat' dir='ltr'>lybanum</span> <span class='ocrx_word' id='word_1_126' title='bbox 946 1934 1128 2013; x_wconf 67' lang='grc' dir='ltr'><em>λάδανταςῆκ</em></span> 
     </span>
     <span class='ocr_line' id='line_1_17' title="bbox 163 2032 1117 2123; baseline 0.001 -25"><span class='ocrx_word' id='word_1_127' title='bbox 163 2042 306 2121; x_wconf 55' lang='lat' dir='ltr'>lupicinus·</span> <span class='ocrx_word' id='word_1_128' title='bbox 331 2040 344 2096; x_wconf 86' lang='lat' dir='ltr'>i</span> <span class='ocrx_word' id='word_1_129' title='bbox 364 2037 392 2096; x_wconf 70' lang='grc' dir='ltr'>δὲ</span> <span class='ocrx_word' id='word_1_130' title='bbox 410 2034 578 2114; x_wconf 77' lang='grc' dir='ltr'><em>δεισιδαίμων</em></span> <span class='ocrx_word' id='word_1_131' title='bbox 599 2044 690 2098; x_wconf 77' lang='grc' dir='ltr'><em>ταῦτα</em></span> <span class='ocrx_word' id='word_1_132' title='bbox 710 2038 823 2117; x_wconf 74' lang='grc' dir='ltr'><em>μάλιςα</em></span> <span class='ocrx_word' id='word_1_133' title='bbox 840 2038 933 2123; x_wconf 71' lang='grc' dir='ltr'><em>φρίτίοι</em></span> <span class='ocrx_word' id='word_1_134' title='bbox 953 2036 999 2116; x_wconf 73' lang='grc' dir='ltr'><em>κα)</em></span> <span class='ocrx_word' id='word_1_135' title='bbox 1013 2032 1117 2118; x_wconf 56' lang='lat' dir='ltr'>minitas</span> 
     </span>
     <span class='ocr_line' id='line_1_18' title="bbox 163 2135 1128 2227; baseline 0 -26"><span class='ocrx_word' id='word_1_136' title='bbox 163 2140 286 2216; x_wconf 75' lang='grc' dir='ltr'><em>δέδοικεν,</em></span> <span class='ocrx_word' id='word_1_137' title='bbox 302 2142 327 2200; x_wconf 76' lang='grc' dir='ltr'>ἐν</span> <span class='ocrx_word' id='word_1_138' title='bbox 341 2137 376 2210; x_wconf 82' lang='grc' dir='ltr'>οίς</span> <span class='ocrx_word' id='word_1_139' title='bbox 395 2143 420 2199; x_wconf 83' lang='lat' dir='ltr'>ol</span> <span class='ocrx_word' id='word_1_140' title='bbox 437 2135 579 2219; x_wconf 65' lang='grc' dir='ltr'><em>φοὸέμονοι</em></span> <span class='ocrx_word' id='word_1_141' title='bbox 597 2144 633 2200; x_wconf 82' lang='grc' dir='ltr'>τοὶ</span> <span class='ocrx_word' id='word_1_142' title='bbox 653 2140 792 2202; x_wconf 73' lang='grc' dir='ltr'><em>δανότατα</em></span> <span class='ocrx_word' id='word_1_143' title='bbox 806 2146 857 2215; x_wconf 79' lang='grc' dir='ltr'>τὰς</span> <span class='ocrx_word' id='word_1_144' title='bbox 870 2142 982 2215; x_wconf 75' lang='grc' dir='ltr'><em>ἐλπίδας</em></span> <span class='ocrx_word' id='word_1_145' title='bbox 997 2142 1087 2227; x_wconf 77' lang='grc' dir='ltr'>ἔχεσι.</span> <span class='ocrx_word' id='word_1_146' title='bbox 1105 2136 1128 2201; x_wconf 79' lang='lat' dir='ltr'>ll</span> 
     </span>
     <span class='ocr_line' id='line_1_19' title="bbox 150 2238 1128 2331; baseline -0.001 -29"><span class='ocrx_word' id='word_1_147' title='bbox 150 2238 249 2325; x_wconf 77' lang='lat' dir='ltr'>fiendi</span> <span class='ocrx_word' id='word_1_148' title='bbox 260 2241 351 2323; x_wconf 73' lang='lat' dir='ltr'>sacro</span> <span class='ocrx_word' id='word_1_149' title='bbox 364 2238 490 2317; x_wconf 80' lang='lat' dir='ltr'>horrore,</span> <span class='ocrx_word' id='word_1_150' title='bbox 504 2238 623 2325; x_wconf 67' lang='grc' dir='ltr'><em>φρίτίειν,</em></span> <span class='ocrx_word' id='word_1_151' title='bbox 642 2254 676 2303; x_wconf 83' lang='lat' dir='ltr'>et</span> <span class='ocrx_word' id='word_1_152' title='bbox 697 2240 798 2304; x_wconf 84' lang='lat' dir='ltr'>horror</span> <span class='ocrx_word' id='word_1_153' title='bbox 818 2243 980 2329; x_wconf 63' lang='lat' dir='ltr'>hrfjrfiaodi</span> <span class='ocrx_word' id='word_1_154' title='bbox 1000 2242 1086 2331; x_wconf 70' lang='grc' dir='ltr'><em>φρίκη,</em></span> <span class='ocrx_word' id='word_1_155' title='bbox 1102 2239 1128 2303; x_wconf 72' lang='lat' dir='ltr'>l!</span> 
     </span>
     <span class='ocr_line' id='line_1_20' title="bbox 161 2338 1128 2430; baseline -0.003 -24"><span class='ocrx_word' id='word_1_156' title='bbox 161 2342 277 2406; x_wconf 90' lang='lat' dir='ltr'>dicitur</span> <span class='ocrx_word' id='word_1_157' title='bbox 299 2355 332 2405; x_wconf 88' lang='lat' dir='ltr'>et</span> <span class='ocrx_word' id='word_1_158' title='bbox 351 2342 391 2405; x_wconf 91' lang='lat' dir='ltr'>ab</span> <span class='ocrx_word' id='word_1_159' title='bbox 410 2340 479 2404; x_wconf 85' lang='lat' dir='ltr'>aliis</span> <span class='ocrx_word' id='word_1_160' title='bbox 497 2356 563 2405; x_wconf 89' lang='lat' dir='ltr'>cta</span> <span class='ocrx_word' id='word_1_161' title='bbox 579 2340 760 2419; x_wconf 84' lang='lat' dir='ltr'>Plutarcho,</span> <span class='ocrx_word' id='word_1_162' title='bbox 776 2344 832 2428; x_wconf 89' lang='lat' dir='ltr'>qui</span> <span class='ocrx_word' id='word_1_163' title='bbox 853 2344 885 2406; x_wconf 90' lang='lat' dir='ltr'>iu</span> <span class='ocrx_word' id='word_1_164' title='bbox 906 2344 1017 2430; x_wconf 82' lang='lat' dir='ltr'>primis</span> <span class='ocrx_word' id='word_1_165' title='bbox 1031 2345 1060 2408; x_wconf 92' lang='lat' dir='ltr'>in</span> <span class='ocrx_word' id='word_1_166' title='bbox 1073 2338 1128 2407; x_wconf 80' lang='lat' dir='ltr'>eol</span> 
     </span>
     <span class='ocr_line' id='line_1_21' title="bbox 163 2442 1128 2532; baseline -0.006 -23"><span class='ocrx_word' id='word_1_167' title='bbox 163 2443 327 2509; x_wconf 80' lang='lat' dir='ltr'>scribendo</span> <span class='ocrx_word' id='word_1_168' title='bbox 341 2442 530 2508; x_wconf 85' lang='lat' dir='ltr'>evidentiam</span> <span class='ocrx_word' id='word_1_169' title='bbox 547 2443 694 2529; x_wconf 79' lang='lat' dir='ltr'>imaginis</span> <span class='ocrx_word' id='word_1_170' title='bbox 707 2444 749 2507; x_wconf 84' lang='lat' dir='ltr'>ad</span> <span class='ocrx_word' id='word_1_171' title='bbox 763 2445 957 2509; x_wconf 81' lang='lat' dir='ltr'>mouendum</span> <span class='ocrx_word' id='word_1_172' title='bbox 970 2444 1100 2532; x_wconf 81' lang='lat' dir='ltr'>legentis</span> <span class='ocrx_word' id='word_1_173' title='bbox 1109 2463 1128 2505; x_wconf 84' lang='lat' dir='ltr'>a</span> 
     </span>
     <span class='ocr_line' id='line_1_22' title="bbox 163 2541 1128 2632; baseline -0.006 -19"><span class='ocrx_word' id='word_1_174' title='bbox 163 2572 254 2613; x_wconf 88' lang='lat' dir='ltr'>mum</span> <span class='ocrx_word' id='word_1_175' title='bbox 276 2548 390 2612; x_wconf 85' lang='lat' dir='ltr'>habet:</span> <span class='ocrx_word' id='word_1_176' title='bbox 413 2546 511 2610; x_wconf 84' lang='lat' dir='ltr'>veluti</span> <span class='ocrx_word' id='word_1_177' title='bbox 532 2546 563 2608; x_wconf 89' lang='lat' dir='ltr'>in</span> <span class='ocrx_word' id='word_1_178' title='bbox 588 2547 675 2610; x_wconf 82' lang='lat' dir='ltr'>luctu</span> <span class='ocrx_word' id='word_1_179' title='bbox 692 2544 732 2609; x_wconf 84' lang='lat' dir='ltr'>de</span> <span class='ocrx_word' id='word_1_180' title='bbox 747 2545 901 2631; x_wconf 87' lang='lat' dir='ltr'>supplicio</span> <span class='ocrx_word' id='word_1_181' title='bbox 920 2547 1062 2632; x_wconf 78' lang='lat' dir='ltr'>Virginis</span> <span class='ocrx_word' id='word_1_182' title='bbox 1077 2541 1128 2609; x_wconf 78' lang='lat' dir='ltr'>vel</span> 
     </span>
     <span class='ocr_line' id='line_1_23' title="bbox 162 2647 1128 2733; baseline -0.003 -20"><span class='ocrx_word' id='word_1_183' title='bbox 162 2652 213 2725; x_wconf 87' lang='lat' dir='ltr'>lis,</span> <span class='ocrx_word' id='word_1_184' title='bbox 232 2650 264 2713; x_wconf 93' lang='lat' dir='ltr'>iu</span> <span class='ocrx_word' id='word_1_185' title='bbox 287 2652 397 2711; x_wconf 87' lang='lat' dir='ltr'>Numa</span> <span class='ocrx_word' id='word_1_186' title='bbox 415 2669 447 2730; x_wconf 91' lang='lat' dir='ltr'>p.</span> <span class='ocrx_word' id='word_1_187' title='bbox 463 2652 515 2730; x_wconf 87' lang='lat'>67.</span> <span class='ocrx_word' id='word_1_188' title='bbox 531 2649 569 2709; x_wconf 89' lang='lat' dir='ltr'>B.</span> <span class='ocrx_word' id='word_1_189' title='bbox 593 2648 625 2710; x_wconf 89' lang='lat' dir='ltr'>in</span> <span class='ocrx_word' id='word_1_190' title='bbox 648 2647 737 2712; x_wconf 79' lang='lat' dir='ltr'>{ludii</span> <span class='ocrx_word' id='word_1_191' title='bbox 760 2648 968 2733; x_wconf 81' lang='lat' dir='ltr'>plrilosophiae</span> <span class='ocrx_word' id='word_1_192' title='bbox 988 2649 1091 2731; x_wconf 84' lang='lat' dir='ltr'>initiis,</span> <span class='ocrx_word' id='word_1_193' title='bbox 1106 2666 1128 2710; x_wconf 86' lang='lat' dir='ltr'>m</span> 
     </span>
     <span class='ocr_line' id='line_1_24' title="bbox 162 2747 1128 2835; baseline -0.003 -22"><span class='ocrx_word' id='word_1_194' title='bbox 162 2772 195 2834; x_wconf 91' lang='lat' dir='ltr'>p.</span> <span class='ocrx_word' id='word_1_195' title='bbox 211 2754 264 2833; x_wconf 86' lang='lat'>36.</span> <span class='ocrx_word' id='word_1_196' title='bbox 281 2753 318 2812; x_wconf 86' lang='lat' dir='ltr'>E.</span> <span class='ocrx_word' id='word_1_197' title='bbox 339 2764 391 2829; x_wconf 91' lang='lat'>77.</span> <span class='ocrx_word' id='word_1_198' title='bbox 407 2748 456 2810; x_wconf 89' lang='lat' dir='ltr'>l):</span> <span class='ocrx_word' id='word_1_199' title='bbox 481 2747 512 2809; x_wconf 89' lang='lat' dir='ltr'>in</span> <span class='ocrx_word' id='word_1_200' title='bbox 529 2748 616 2811; x_wconf 82' lang='lat' dir='ltr'>l&#39;cnl&#39;u</span> <span class='ocrx_word' id='word_1_201' title='bbox 639 2748 718 2834; x_wconf 69' lang='lat' dir='ltr'>qius,</span> <span class='ocrx_word' id='word_1_202' title='bbox 735 2750 788 2833; x_wconf 91' lang='lat' dir='ltr'>qui</span> <span class='ocrx_word' id='word_1_203' title='bbox 804 2750 956 2835; x_wconf 80' lang='lat' dir='ltr'>mysteriis</span> <span class='ocrx_word' id='word_1_204' title='bbox 978 2753 1128 2815; x_wconf 79' lang='lat' dir='ltr'>consecrat</span> 
     </span>
     <span class='ocr_line' id='line_1_25' title="bbox 162 2848 1128 2937; baseline -0.004 -23"><span class='ocrx_word' id='word_1_205' title='bbox 162 2852 248 2933; x_wconf 88' lang='lat' dir='ltr'><strong>Opp.</strong></span> <span class='ocrx_word' id='word_1_206' title='bbox 266 2850 352 2910; x_wconf 86' lang='lat' dir='ltr'>Mor.</span> <span class='ocrx_word' id='word_1_207' title='bbox 369 2864 466 2931; x_wconf 84' lang='lat' dir='ltr'><strong>p.4.7.</strong></span> <span class='ocrx_word' id='word_1_208' title='bbox 481 2848 525 2924; x_wconf 89' lang='lat' dir='ltr'>A,</span> <span class='ocrx_word' id='word_1_209' title='bbox 537 2848 575 2925; x_wconf 83' lang='grc' dir='ltr'>Β,</span> <span class='ocrx_word' id='word_1_210' title='bbox 589 2850 629 2911; x_wconf 87' lang='lat' dir='ltr'>C.</span> <span class='ocrx_word' id='word_1_211' title='bbox 653 2852 705 2912; x_wconf 84' lang='lat'>81.</span> <span class='ocrx_word' id='word_1_212' title='bbox 721 2852 764 2913; x_wconf 90' lang='lat' dir='ltr'>D.</span> <span class='ocrx_word' id='word_1_213' title='bbox 800 2853 926 2937; x_wconf 82' lang='lat' dir='ltr'>Fragnr.</span> <span class='ocrx_word' id='word_1_214' title='bbox 943 2852 984 2915; x_wconf 85' lang='lat' dir='ltr'>‹lc</span> <span class='ocrx_word' id='word_1_215' title='bbox 998 2853 1128 2916; x_wconf 79' lang='lat' dir='ltr'>Animas</span> 
     </span>
     <span class='ocr_line' id='line_1_26' title="bbox 161 2947 1128 3037; baseline -0.004 -24"><span class='ocrx_word' id='word_1_216' title='bbox 161 2950 230 3013; x_wconf 83' lang='lat' dir='ltr'>dito</span> <span class='ocrx_word' id='word_1_217' title='bbox 249 2948 289 3012; x_wconf 83' lang='lat' dir='ltr'>ad</span> <span class='ocrx_word' id='word_1_218' title='bbox 308 2948 422 3011; x_wconf 85' lang='lat' dir='ltr'>librutu</span> <span class='ocrx_word' id='word_1_219' title='bbox 438 2947 478 3011; x_wconf 86' lang='lat' dir='ltr'>de</span> <span class='ocrx_word' id='word_1_220' title='bbox 492 2950 568 3011; x_wconf 81' lang='lat' dir='ltr'>Sera</span> <span class='ocrx_word' id='word_1_221' title='bbox 584 2952 686 3013; x_wconf 85' lang='lat' dir='ltr'>Num.</span> <span class='ocrx_word' id='word_1_222' title='bbox 702 2951 799 3014; x_wconf 82' lang='lat' dir='ltr'>vind.</span> <span class='ocrx_word' id='word_1_223' title='bbox 815 2972 847 3036; x_wconf 91' lang='lat' dir='ltr'>p.</span> <span class='ocrx_word' id='word_1_224' title='bbox 863 2955 935 3036; x_wconf 89' lang='lat'>136,</span> <span class='ocrx_word' id='word_1_225' title='bbox 955 2970 1027 3037; x_wconf 86' lang='lat'><strong>137.</strong></span> <span class='ocrx_word' id='word_1_226' title='bbox 1061 2950 1128 3016; x_wconf 66' lang='lat' dir='ltr'>sed«</span> 
     </span>
     <span class='ocr_line' id='line_1_27' title="bbox 159 3049 1128 3136; baseline 0.005 -26"><span class='ocrx_word' id='word_1_227' title='bbox 159 3051 264 3112; x_wconf 80' lang='lat' dir='ltr'>versus</span> <span class='ocrx_word' id='word_1_228' title='bbox 278 3049 320 3112; x_wconf 89' lang='lat' dir='ltr'>est</span> <span class='ocrx_word' id='word_1_229' title='bbox 334 3049 465 3112; x_wconf 75' lang='lat' dir='ltr'>allecius</span> <span class='ocrx_word' id='word_1_230' title='bbox 479 3049 666 3131; x_wconf 74' lang='grc' dir='ltr'><em>δεισιδαίμονος</em></span> <span class='ocrx_word' id='word_1_231' title='bbox 682 3053 833 3136; x_wconf 82' lang='lat' dir='ltr'>prael&#39;cntc</span> <span class='ocrx_word' id='word_1_232' title='bbox 853 3053 924 3116; x_wconf 91' lang='lat' dir='ltr'>loco</span> <span class='ocrx_word' id='word_1_233' title='bbox 943 3068 977 3117; x_wconf 92' lang='lat' dir='ltr'>et</span> <span class='ocrx_word' id='word_1_234' title='bbox 992 3054 1047 3119; x_wconf 89' lang='lat' dir='ltr'>illo</span> <span class='ocrx_word' id='word_1_235' title='bbox 1061 3053 1088 3116; x_wconf 91' lang='lat' dir='ltr'>in</span> <span class='ocrx_word' id='word_1_236' title='bbox 1101 3050 1128 3115; x_wconf 87' lang='lat' dir='ltr'>lil</span> 
     </span>
     <span class='ocr_line' id='line_1_28' title="bbox 159 3148 1128 3242; baseline 0.001 -28"><span class='ocrx_word' id='word_1_237' title='bbox 159 3150 200 3214; x_wconf 87' lang='lat' dir='ltr'>de</span> <span class='ocrx_word' id='word_1_238' title='bbox 215 3149 461 3235; x_wconf 82' lang='lat' dir='ltr'>Superliitionc:</span> <span class='ocrx_word' id='word_1_239' title='bbox 486 3149 540 3213; x_wconf 89' lang='lat' dir='ltr'>hic</span> <span class='ocrx_word' id='word_1_240' title='bbox 561 3152 603 3215; x_wconf 84' lang='lat' dir='ltr'>est</span> <span class='ocrx_word' id='word_1_241' title='bbox 620 3151 811 3237; x_wconf 71' lang='lat' dir='ltr'>conjunctus</span> <span class='ocrx_word' id='word_1_242' title='bbox 834 3153 929 3217; x_wconf 87' lang='lat' dir='ltr'>timor</span> <span class='ocrx_word' id='word_1_243' title='bbox 949 3178 1026 3219; x_wconf 89' lang='lat' dir='ltr'>cum</span> <span class='ocrx_word' id='word_1_244' title='bbox 1044 3148 1128 3242; x_wconf 90' lang='lat' dir='ltr'>spe,il</span> 
     </span>
     <span class='ocr_line' id='line_1_29' title="bbox 159 3251 475 3338; baseline -0.006 -21"><span class='ocrx_word' id='word_1_245' title='bbox 159 3276 233 3317; x_wconf 90' lang='lat' dir='ltr'>cum</span> <span class='ocrx_word' id='word_1_246' title='bbox 250 3251 475 3338; x_wconf 82' lang='lat' dir='ltr'>desperatione.</span> 
     </span>
    </p>

    <p class='ocr_par' dir='ltr' id='par_1_6' title="bbox 155 3352 1128 4256">
     <span class='ocr_line' id='line_1_30' title="bbox 203 3352 1128 3444; baseline 0.004 -26"><span class='ocrx_word' id='word_1_247' title='bbox 203 3357 255 3419; x_wconf 83' lang='lat'>26.</span> <span class='ocrx_word' id='word_1_248' title='bbox 268 3356 305 3418; x_wconf 88' lang='lat' dir='ltr'>B.</span> <span class='ocrx_word' id='word_1_249' title='bbox 328 3354 519 3438; x_wconf 46' lang='grc' dir='ltr'>ἐπιφωνεῖν-ἧ</span> <span class='ocrx_word' id='word_1_250' title='bbox 536 3352 711 3415; x_wconf 80' lang='lat' dir='ltr'>Acclanmrc</span> <span class='ocrx_word' id='word_1_251' title='bbox 721 3355 763 3416; x_wconf 87' lang='lat' dir='ltr'>est</span> <span class='ocrx_word' id='word_1_252' title='bbox 778 3354 990 3435; x_wconf 82' lang='lat' dir='ltr'>audientium,</span> <span class='ocrx_word' id='word_1_253' title='bbox 1006 3357 1060 3444; x_wconf 88' lang='lat' dir='ltr'>qui</span> <span class='ocrx_word' id='word_1_254' title='bbox 1071 3372 1128 3441; x_wconf 75' lang='lat' dir='ltr'>app!</span> 
     </span>
     <span class='ocr_line' id='line_1_31' title="bbox 159 3451 1128 3544; baseline -0.001 -24"><span class='ocrx_word' id='word_1_255' title='bbox 159 3456 321 3520; x_wconf 70' lang='lat' dir='ltr'>barionem</span> <span class='ocrx_word' id='word_1_256' title='bbox 338 3453 560 3540; x_wconf 83' lang='lat' dir='ltr'>judiciumque</span> <span class='ocrx_word' id='word_1_257' title='bbox 583 3454 673 3517; x_wconf 90' lang='lat' dir='ltr'>suum</span> <span class='ocrx_word' id='word_1_258' title='bbox 694 3453 813 3518; x_wconf 83' lang='lat' dir='ltr'>dicenti</span> <span class='ocrx_word' id='word_1_259' title='bbox 834 3455 1039 3544; x_wconf 70' lang='lat' dir='ltr'>sumentique,</span> <span class='ocrx_word' id='word_1_260' title='bbox 1058 3451 1128 3522; x_wconf 83' lang='lat' dir='ltr'>omni</span> 
     </span>
     <span class='ocr_line' id='line_1_32' title="bbox 159 3555 1122 3643; baseline 0.002 -23"><span class='ocrx_word' id='word_1_261' title='bbox 159 3556 269 3633; x_wconf 73' lang='lat' dir='ltr'>actori,</span> <span class='ocrx_word' id='word_1_262' title='bbox 295 3555 484 3640; x_wconf 81' lang='lat' dir='ltr'>fignificaut:</span> <span class='ocrx_word' id='word_1_263' title='bbox 511 3572 545 3619; x_wconf 86' lang='lat' dir='ltr'>et</span> <span class='ocrx_word' id='word_1_264' title='bbox 564 3578 649 3620; x_wconf 91' lang='lat' dir='ltr'>nunc</span> <span class='ocrx_word' id='word_1_265' title='bbox 665 3556 794 3642; x_wconf 88' lang='lat' dir='ltr'>quidem</span> <span class='ocrx_word' id='word_1_266' title='bbox 813 3558 844 3621; x_wconf 89' lang='lat' dir='ltr'>in</span> <span class='ocrx_word' id='word_1_267' title='bbox 867 3558 979 3643; x_wconf 83' lang='lat' dir='ltr'>primis</span> <span class='ocrx_word' id='word_1_268' title='bbox 1000 3560 1122 3625; x_wconf 80' lang='lat' dir='ltr'>refertur</span> 
     </span>
     <span class='ocr_line' id='line_1_33' title="bbox 158 3658 1128 3743; baseline -0.004 -17"><span class='ocrx_word' id='word_1_269' title='bbox 158 3660 402 3726; x_wconf 84' lang='lat' dir='ltr'>acclamationes</span> <span class='ocrx_word' id='word_1_270' title='bbox 430 3661 462 3722; x_wconf 95' lang='lat' dir='ltr'>in</span> <span class='ocrx_word' id='word_1_271' title='bbox 492 3661 619 3739; x_wconf 75' lang='lat' dir='ltr'>scholiS,</span> <span class='ocrx_word' id='word_1_272' title='bbox 645 3661 894 3740; x_wconf 82' lang='lat' dir='ltr'>recitationibus,</span> <span class='ocrx_word' id='word_1_273' title='bbox 917 3664 1090 3743; x_wconf 87' lang='lat' dir='ltr'>auditoriis,</span> <span class='ocrx_word' id='word_1_274' title='bbox 1113 3658 1128 3722; x_wconf 84' lang='lat' dir='ltr'>li</span> 
     </span>
     <span class='ocr_line' id='line_1_34' title="bbox 158 3762 1128 3851; baseline 0 -23"><span class='ocrx_word' id='word_1_275' title='bbox 158 3764 287 3828; x_wconf 87' lang='lat' dir='ltr'>solitas:</span> <span class='ocrx_word' id='word_1_276' title='bbox 311 3776 347 3823; x_wconf 91' lang='lat' dir='ltr'>ut</span> <span class='ocrx_word' id='word_1_277' title='bbox 363 3762 394 3824; x_wconf 93' lang='lat' dir='ltr'>in</span> <span class='ocrx_word' id='word_1_278' title='bbox 410 3762 490 3825; x_wconf 91' lang='lat' dir='ltr'>libro</span> <span class='ocrx_word' id='word_1_279' title='bbox 505 3762 544 3825; x_wconf 86' lang='lat' dir='ltr'>de</span> <span class='ocrx_word' id='word_1_280' title='bbox 561 3763 738 3828; x_wconf 82' lang='lat' dir='ltr'>Auditione</span> <span class='ocrx_word' id='word_1_281' title='bbox 757 3788 788 3851; x_wconf 90' lang='lat' dir='ltr'>p.</span> <span class='ocrx_word' id='word_1_282' title='bbox 803 3768 857 3846; x_wconf 86' lang='lat'>46.</span> <span class='ocrx_word' id='word_1_283' title='bbox 871 3768 913 3829; x_wconf 90' lang='lat' dir='ltr'>A.</span> <span class='ocrx_word' id='word_1_284' title='bbox 929 3767 1038 3831; x_wconf 80' lang='grc' dir='ltr'><em>-ίταν</em></span> <span class='ocrx_word' id='word_1_285' title='bbox 1050 3782 1128 3848; x_wconf 77' lang='grc' dir='ltr'>Ιοιλοσι</span> 
     </span>
     <span class='ocr_line' id='line_1_35' title="bbox 157 3858 1128 3947; baseline -0.005 -20"><span class='ocrx_word' id='word_1_286' title='bbox 157 3867 367 3944; x_wconf 59' lang='lat' dir='ltr'>platanonas·</span> <span class='ocrx_word' id='word_1_287' title='bbox 384 3858 519 3946; x_wconf 78' lang='grc' dir='ltr'><em>Δριμὲας,</em></span> <span class='ocrx_word' id='word_1_288' title='bbox 536 3860 643 3947; x_wconf 79' lang='grc' dir='ltr'><em>γέροντι</em></span> <span class='ocrx_word' id='word_1_289' title='bbox 662 3864 688 3924; x_wconf 75' lang='grc' dir='ltr'>δὲ</span> <span class='ocrx_word' id='word_1_290' title='bbox 711 3867 876 3945; x_wconf 56' lang='lat' dir='ltr'>Hictanis—⁹</span> <span class='ocrx_word' id='word_1_291' title='bbox 899 3879 933 3928; x_wconf 81' lang='lat' dir='ltr'>et</span> <span class='ocrx_word' id='word_1_292' title='bbox 950 3865 983 3929; x_wconf 87' lang='lat' dir='ltr'>in</span> <span class='ocrx_word' id='word_1_293' title='bbox 1004 3866 1059 3929; x_wconf 91' lang='lat' dir='ltr'>illo</span> <span class='ocrx_word' id='word_1_294' title='bbox 1071 3860 1128 3926; x_wconf 80' lang='lat' dir='ltr'>del</span> 
     </span>
     <span class='ocr_line' id='line_1_36' title="bbox 156 3961 1128 4048; baseline 0.004 -22"><span class='ocrx_word' id='word_1_295' title='bbox 156 3963 266 4027; x_wconf 76' lang='lat' dir='ltr'>Laude</span> <span class='ocrx_word' id='word_1_296' title='bbox 281 3984 313 4047; x_wconf 90' lang='lat' dir='ltr'>p.</span> <span class='ocrx_word' id='word_1_297' title='bbox 326 3978 400 4044; x_wconf 82' lang='lat'><strong>543.</strong></span> <span class='ocrx_word' id='word_1_298' title='bbox 417 3964 454 4025; x_wconf 86' lang='lat' dir='ltr'>E.</span> <span class='ocrx_word' id='word_1_299' title='bbox 477 3966 500 4021; x_wconf 89' lang='grc' dir='ltr'>οί</span> <span class='ocrx_word' id='word_1_300' title='bbox 515 3961 540 4021; x_wconf 69' lang='grc' dir='ltr'>δὲ</span> <span class='ocrx_word' id='word_1_301' title='bbox 555 3965 686 4048; x_wconf 75' lang='grc' dir='ltr'><em>ῥητορικαὶ</em></span> <span class='ocrx_word' id='word_1_302' title='bbox 700 3964 809 4044; x_wconf 64' lang='lat' dir='ltr'>capara}</span> <span class='ocrx_word' id='word_1_303' title='bbox 822 3968 853 4028; x_wconf 85' lang='lat' dir='ltr'>ri</span> <span class='ocrx_word' id='word_1_304' title='bbox 869 3966 958 4040; x_wconf 78' lang='grc' dir='ltr'><em>Θείας</em></span> <span class='ocrx_word' id='word_1_305' title='bbox 972 3968 1019 4047; x_wconf 61' lang='grc' dir='ltr'><em>καὶ</em></span> <span class='ocrx_word' id='word_1_306' title='bbox 1031 3970 1062 4030; x_wconf 85' lang='lat' dir='ltr'>ri</span> <span class='ocrx_word' id='word_1_307' title='bbox 1075 3975 1128 4043; x_wconf 72' lang='grc' dir='ltr'>Δσνι</span> 
     </span>
     <span class='ocr_line' id='line_1_37' title="bbox 156 4063 1128 4152; baseline 0 -24"><span class='ocrx_word' id='word_1_308' title='bbox 156 4065 214 4138; x_wconf 79' lang='grc' dir='ltr'><em>νίας</em></span> <span class='ocrx_word' id='word_1_309' title='bbox 229 4064 274 4143; x_wconf 62' lang='grc' dir='ltr'>κα)</span> <span class='ocrx_word' id='word_1_310' title='bbox 287 4067 318 4128; x_wconf 85' lang='grc' dir='ltr'>τὸ</span> <span class='ocrx_word' id='word_1_311' title='bbox 332 4063 476 4147; x_wconf 77' lang='grc' dir='ltr'>Μεγάλαις</span> <span class='ocrx_word' id='word_1_312' title='bbox 495 4066 521 4123; x_wconf 79' lang='grc' dir='ltr'>ἐν</span> <span class='ocrx_word' id='word_1_313' title='bbox 533 4068 594 4136; x_wconf 83' lang='grc' dir='ltr'><em>ταῖς</em></span> <span class='ocrx_word' id='word_1_314' title='bbox 608 4063 746 4142; x_wconf 71' lang='grc' dir='ltr'><em>ἐπιδείξεσι</em></span> <span class='ocrx_word' id='word_1_315' title='bbox 763 4069 993 4152; x_wconf 61' lang='grc' dir='ltr'><em>προσδεχῇιιειοι,</em></span> <span class='ocrx_word' id='word_1_316' title='bbox 1015 4069 1060 4145; x_wconf 70' lang='grc' dir='ltr'>κα)</span> <span class='ocrx_word' id='word_1_317' title='bbox 1071 4071 1099 4131; x_wconf 84' lang='lat' dir='ltr'>ri</span> <span class='ocrx_word' id='word_1_318' title='bbox 1112 4070 1128 4128; x_wconf 77' lang='grc' dir='ltr'><em>δ</em></span> 
     </span>
     <span class='ocr_line' id='line_1_38' title="bbox 155 4163 1127 4256; baseline 0.004 -30"><span class='ocrx_word' id='word_1_319' title='bbox 155 4165 235 4250; x_wconf 83' lang='grc' dir='ltr'><em>τρίαις</em></span> <span class='ocrx_word' id='word_1_320' title='bbox 256 4165 302 4242; x_wconf 61' lang='grc' dir='ltr'>καὶ</span> <span class='ocrx_word' id='word_1_321' title='bbox 321 4167 352 4227; x_wconf 80' lang='lat' dir='ltr'>ri</span> <span class='ocrx_word' id='word_1_322' title='bbox 372 4163 558 4250; x_wconf 74' lang='grc' dir='ltr'><em>Ἀνδραιπίνας</em></span> <span class='ocrx_word' id='word_1_323' title='bbox 579 4167 839 4252; x_wconf 75' lang='grc' dir='ltr'><em>προσαπολλύουσι.</em></span> <span class='ocrx_word' id='word_1_324' title='bbox 884 4171 975 4256; x_wconf 68' lang='lat' dir='ltr'>lle-ip.</span> <span class='ocrx_word' id='word_1_325' title='bbox 999 4175 1074 4236; x_wconf 86' lang='lat' dir='ltr'>Ger.</span> <span class='ocrx_word' id='word_1_326' title='bbox 1096 4172 1127 4233; x_wconf 87' lang='lat' dir='ltr'>Pr</span> 
     </span>
    </p>
   </div>
   <div class='ocr_carea' id='block_1_4' title="bbox 156 4266 1128 4359">
    <p class='ocr_par' dir='ltr' id='par_1_7' title="bbox 156 4266 1128 4359">
     <span class='ocr_line' id='line_1_39' title="bbox 156 4266 1128 4359; baseline 0.003 -30"><span class='ocrx_word' id='word_1_327' title='bbox 156 4278 241 4349; x_wconf 88' lang='lat' dir='ltr'>cept.</span> <span class='ocrx_word' id='word_1_328' title='bbox 266 4285 299 4349; x_wconf 92' lang='lat' dir='ltr'>p.</span> <span class='ocrx_word' id='word_1_329' title='bbox 315 4268 389 4349; x_wconf 86' lang='lat'><strong>803.</strong></span> <span class='ocrx_word' id='word_1_330' title='bbox 411 4269 446 4330; x_wconf 84' lang='lat' dir='ltr'>F.</span> <span class='ocrx_word' id='word_1_331' title='bbox 483 4266 600 4330; x_wconf 85' lang='lat' dir='ltr'>Praetcr</span> <span class='ocrx_word' id='word_1_332' title='bbox 622 4268 660 4331; x_wconf 88' lang='lat' dir='ltr'>ls.</span> <span class='ocrx_word' id='word_1_333' title='bbox 677 4268 900 4336; x_wconf 87' lang='lat' dir='ltr'>Casaubonum</span> <span class='ocrx_word' id='word_1_334' title='bbox 923 4273 963 4338; x_wconf 89' lang='lat' dir='ltr'>ad</span> <span class='ocrx_word' id='word_1_335' title='bbox 982 4271 1128 4359; x_wconf 82' lang='lat' dir='ltr'>&#39;lircophu</span> 
     </span>
    </p>
   </div>
   <div class='ocr_carea' id='block_1_5' title="bbox 329 4514 474 4576">
    <p class='ocr_par' dir='ltr' id='par_1_8' title="bbox 329 4514 474 4576">
     <span class='ocr_line' id='line_1_40' title="bbox 329 4514 474 4576; baseline 0 0"><span class='ocrx_word' id='word_1_336' title='bbox 329 4514 474 4576; x_wconf 63' lang='lat' dir='ltr'>A</span> 
     </span>
    </p>
   </div>
   <div class='ocr_carea' id='block_1_6' title="bbox 0 0 1346 5258">
    <p class='ocr_par' dir='ltr' id='par_1_9' title="bbox 0 0 1346 5258">
     <span class='ocr_line' id='line_1_41' title="bbox 0 0 1346 5258; baseline 0 0"><span class='ocrx_word' id='word_1_337' title='bbox 0 0 1346 5258; x_wconf 95' lang='lat' dir='ltr'> </span> 
     </span>
    </p>
   </div>
  </div>
 </body>
</html>
