2684 5258
165 390 204 450 so
248 384 456 449 nummu.
469 384 517 446 nr
530 382 604 444 mn.
617 379 861 442 neronem.
875 375 1113 441 romonum.

540 689 741 793 securo
775 691 820 754 11.

398 857 451 915 DE
471 855 740 916 ARGUMENTIS
762 852 966 914 INTERNIS.

581 1065 645 1133 ΡΑ
658 1070 719 1133 RS
755 1069 785 1132 1.

592 1221 643 1283 De
656 1218 767 1285 Rebus.

555 1440 583 1504 C
595 1440 628 1504 A
641 1440 664 1504 P
676 1440 749 1505 UT
784 1441 813 1504 Ι.

572 1590 623 1654 De
637 1588 786 1654 Materia.

643 1800 722 1887 §ju

485 1953 536 2017 De
549 1951 702 2035 Materia,
717 1977 786 2042 qua
799 1952 883 2039 deest.
959 1934 961 1939 ¹

211 2159 303 2224 JAM
324 2155 463 2246 primum
484 2157 687 2245 reperiemus,
706 2156 824 2221 multas
844 2154 877 2221 in
895 2154 958 2220 hoe
972 2153 1081 2220 libello
1093 2175 1141 2219 mr

157 2259 223 2325 riae
244 2272 348 2348 parter
371 2259 495 2325 omiliae
516 2258 589 2338 else,
611 2281 682 2347 quae
703 2257 811 2325 omitti
834 2279 893 2323 neo
914 2270 1063 2345 poterant
1081 2278 1101 2320 a
1123 2257 1141 2321 Ρ

169 2358 272 2425 ttrehi
285 2357 452 2446 diligentia
465 2381 502 2424 ao
516 2357 672 2438 domina,
687 2379 747 2424 nec
769 2357 928 2423 debebant
949 2368 1079 2443 propter
1099 2354 1141 2443 ipl

156 2459 351 2547 argumenti
372 2458 414 2524 de
433 2458 631 2525 Educatione
649 2472 795 2525 naturam
814 2479 852 2523 ac
868 2457 1093 2522 necestitatem.
1127 2457 1141 2521 l

24 2557 27 2561 ’
168 2582 242 2627 rum
265 2559 415 2648 deinceps
439 2560 615 2648 praecipuas
641 2560 772 2646 quidem
800 2558 1016 2625 recenseamus
1028 2580 1039 2637 3
1069 2578 1141 2644 quar

168 2681 281 2725 omnes
295 2681 480 2725 enumerare
493 2659 654 2724 infinitum
668 2660 723 2723 est.

156 2804 159 2811 -
212 2765 241 2826 Ι.
273 2763 404 2827 Constat
425 2761 508 2826 inter
524 2782 649 2841 omnes,
664 2783 760 2850 quarn
773 2762 837 2826 late
850 2761 988 2848 patuerit
1000 2760 1088 2849 apud
1101 2763 1141 2827 Ar

169 2884 250 2950 quos
263 2862 354 2927 locus
367 2861 407 2927 de
428 2861 627 2928 Educatione
641 2884 824 2949 puerorum,
838 2876 1045 2950 quantacun]
1061 2862 1141 2951 dilig

169 2964 258 3029 tinet
272 2985 349 3029 cura
362 2964 514 3028 tradatur
528 2963 564 3028 sit
581 2986 655 3028 cum
669 2987 689 3028 a
702 2964 947 3051 legissatoribm
962 2978 1032 3031 tum
1046 2987 1067 3030 a
1090 2965 1141 3031 Pli

171 3064 287 3153 sophis.
332 3065 382 3131 Sit
403 3063 483 3129 mibi
509 3064 621 3151 aliquis
644 3067 780 3131 versatus
803 3067 836 3131 in
861 3065 999 3132 leilione
1025 3067 1141 3134 Plutan

170 3179 278 3232 teneat
295 3164 365 3253 ejus
383 3166 520 3231 formam
538 3178 572 3230 et
590 3167 865 3246 consuetudinem,
888 3167 1003 3254 legerit
1023 3189 1061 3233 ea
1078 3190 1141 3255 qur

169 3267 210 3332 de
223 3266 422 3343 Educatione
433 3266 559 3354 sparsim
571 3266 711 3332 differuit
723 3268 792 3332 aliis
805 3269 839 3333 in
851 3267 958 3334 libris:
981 3268 1097 3357 legerit
1113 3269 1141 3335 id

169 3372 211 3440 de
225 3373 288 3459 boe
302 3385 492 3462 argumento
506 3394 578 3460 quae
599 3373 690 3438 nobis
711 3373 871 3461 precipua
884 3374 1002 3439 servata
1015 3374 1089 3439 sunt
1101 3375 1141 3441 Ar

156 3496 305 3561 quorum
328 3487 499 3564 precepta,
521 3474 659 3540 Platonis
678 3478 801 3562 legum
820 3477 897 3541 Vll.
922 3489 993 3542 toto
1013 3475 1109 3556 libro,
1131 3497 1141 3540 ε

157 3574 297 3660 panim,
312 3579 406 3647 VIII.
422 3581 450 3644 1.
465 3580 510 3643 ll.
532 3578 725 3666 Reipublicae
742 3579 785 3643 ΙΙ.
800 3579 861 3643 ΙΙΙ.
875 3577 1080 3665 Xenophontis
1095 3578 1141 3666 ey

169 3673 273 3762 predia
293 3688 327 3740 et
348 3677 522 3764 Republica
541 3678 870 3759 Lacedaemoniorum,
891 3679 1058 3765 Arssotelis
1076 3679 1141 3744 Poli

170 3778 247 3843 VII.
259 3787 294 3843 et
301 3777 396 3842 VIII.
418 3776 625 3863 Quintiiliani
641 3779 741 3844 lustit.
755 3782 846 3845 Orat.
856 3781 925 3844 Let
940 3782 991 3846 112
1015 3794 1087 3846 tum
1100 3781 1133 3845 se

169 3877 313 3945 adhunc
326 3877 500 3965 legendum
512 3877 667 3945 libellum.
711 3883 774 3945 Nae
790 3881 817 3945 is
830 3880 916 3945 haud
930 3881 1019 3949 secus
1033 3895 1141 3970 repent

170 3977 352 4044 diverfitatis
365 4000 403 4043 ac
415 3977 563 4042 novitatis
577 3979 666 4044 sensu
677 3979 884 4067 percutiatur,
899 4004 994 4069 quam
1008 3982 1065 4070 qui
1079 4003 1098 4047 e
1112 4005 1141 4049 cr

170 4093 205 4145 et
218 4079 313 4145 fertili
332 4101 411 4169 agro
430 4078 463 4143 in
479 4077 637 4146 incultum
658 4095 692 4146 et
713 4079 847 4146 sterilem
860 4084 1003 4164 veniunt,
1018 4096 1076 4148 aut
1090 4083 1141 4170 qui

171 4179 286 4245 eodem
306 4193 497 4270 argumento
518 4180 649 4246 dodum
671 4195 705 4246 et
725 4181 915 4269 prudentem
941 4185 1057 4266 virum,
1084 4185 1141 4253 dei

99 4318 102 4324 ·
171 4280 401 4349 balbutientem
413 4302 548 4372 puerum
563 4280 708 4350 audiunt.

489 4516 662 4600 A
