2684 5258
107 799 111 804 .
196 727 537 804 menusanum
560 735 710 803 onena
730 735 954 803 nonant.
1071 759 1091 827 5

51 922 201 1021 qumdo
229 946 321 1021 opus
349 923 418 994 esic
444 922 628 1010 videbitur,
657 922 826 1020 explicare
853 947 926 994 non
950 921 1090 994 omitte-

55 1071 148 1119 mus.
201 1045 304 1144 Ergo
326 1044 535 1142 relinquitur
556 1046 656 1117 nobis
680 1047 715 1116 in
733 1070 803 1141 qua
825 1055 887 1116 aut
913 1047 1015 1117 unice
1031 1055 1091 1116 aut

55 1167 278 1266 potissumum
295 1167 480 1255 versemur,
500 1168 745 1264 Interpretotio
755 1168 959 1265 fiogalorir.

55 1336 62 1345 ·
117 1291 202 1362 Jam
228 1296 346 1387 partes
369 1291 494 1361 nostrae
518 1291 555 1362 in
579 1288 837 1386 interpretando
854 1315 935 1386 quae
957 1288 1027 1360 sint
1050 1301 1092 1362 ut

50 1408 159 1514 justae
177 1412 379 1509 debitaeque
395 1411 586 1508 exigendae,
609 1413 749 1485 uberius
766 1412 1011 1509 exponendum
1028 1412 1089 1484 est

52 1534 252 1607 Materiam
285 1534 581 1631 Interpretationis
614 1533 788 1632 duplicem
822 1535 975 1606 diximus
1007 1534 1088 1623 esse,

51 1658 192 1729 ,Rerum
218 1669 256 1727 et
288 1655 489 1727 Verborum.
540 1657 624 1729 Hae'
641 1656 825 1754 implicitae
840 1656 982 1753 quidem
1009 1656 1089 1728 sunt

55 1779 166 1851 altera
192 1759 301 1867 alteri,
329 1778 423 1876 quod
447 1780 550 1851 verba
573 1779 645 1852 fine
666 1781 770 1852 rebus
792 1780 860 1851 esse
883 1789 1087 1875 nequeunt:

55 1914 216 1974 attamen
242 1901 377 1973 ratione
399 1901 549 1998 quadam
574 1900 774 2005 disjundtae,
797 1913 892 1973 certe
912 1925 984 1973 non
1001 1924 1087 1974 con·
1160 1954 1164 1977 ,

56 2024 251 2097 fundendae
275 2025 412 2096 abono
435 2024 640 2122 Interprete.
693 2025 736 2095 ln
763 2023 949 2096 Verborum
974 2024 1087 2110 Inter÷

56 2147 254 2245 pretatione
280 2158 350 2219 tres
377 2157 571 2218 cernuntur
599 2156 734 2243 partcs3
760 2145 927 2242 primum,
954 2143 1090 2241 srngula

55 2269 191 2342 verba:
226 2268 359 2356 deinde,
388 2268 559 2339 dictiones
587 2281 624 2339 et
651 2266 810 2364 phrases:
846 2279 936 2356 tum,
967 2290 1087 2339 eanum

55 2389 277 2486 composrtio,
299 2389 366 2477 seu,
389 2413 501 2462 nexus
514 2391 795 2463 construdlionis.
847 2389 917 2461 Res
942 2414 1086 2488 genera-

60 2515 126 2585 tim
147 2512 224 2583 sunt
241 2512 293 2583 vel
309 2515 407 2607 sotii
422 2511 474 2584 vel
490 2516 684 2607 sententie,
701 2525 741 2585 ut
757 2512 864 2609 vulgo
881 2512 1085 2609 loquuntur,

57 2637 112 2708 vel
136 2635 302 2731 lrssoricoe
323 2634 378 2705 vel
403 2635 617 2730 dogmaticae.
670 2636 740 2707 Res
764 2635 945 2723 historicae,
973 2634 1035 2706 nifi
1061 2635 1088 2706 fi

58 2759 124 2831 smt
140 2756 365 2855 pervulgatae,
382 2757 551 2830 hactenus
567 2758 757 2831 tradtandae
774 2759 854 2829 sunt
871 2770 912 2828 ut
928 2768 1089 2853 appareat

56 2896 95 2953 et
112 2905 217 2978 quem
238 2879 430 2952 Audlorem
454 2892 491 2951 et
514 2893 679 2978 quantam
703 2879 944 2951 authoritatem
961 2880 1085 2951 fidem-

57 3029 128 3101 que
146 3003 311 3074 habeant.
357 3004 614 3075 Sententiarum
633 3015 704 3074 tam
724 3001 803 3073 sunt
820 3000 930 3072 multa
945 3024 1085 3097 genera,

58 3140 98 3201 ut
124 3151 165 3199 ea
188 3149 391 3198 enumerare
416 3126 593 3198 infinitum
618 3126 670 3197 s1t.
724 3127 815 3197 Sunt
840 3122 893 3195 vel
916 3130 1084 3219 propriae,

57 3249 161 3345 ipsrus
176 3230 177 3234 Ἰ
191 3261 287 3320 natae
316 3247 479 3320 Autloris
508 3249 661 3345 ingenio,
694 3247 747 3317 vel
776 3249 909 3334 olienae,
942 3271 985 3317 ex
1014 3246 1086 3319 aliis

59 3370 274 3443 Audloribus
306 3372 448 3468 petitae:
483 3371 626 3475 illustres
652 3369 774 3458 sorma,
794 3369 983 3441 reconditae
1009 3395 1085 3441 ma·

61 3495 166 3566 terias
194 3493 248 3568 vel
267 3493 312 3565 ad
327 3493 588 3591 intelligentiam
606 3505 643 3565 et
662 3494 856 3591 ingenium,
879 3492 933 3563 vel
961 3491 1004 3562 ad
1026 3517 1084 3563 ac-

63 3617 190 3688 tionem
214 3626 252 3689 et
272 3618 445 3702 animum,
467 3618 663 3712 pertinent:
691 3616 745 3687 vel
767 3639 787 3685 e
809 3617 880 3687 vita
902 3614 1085 3686 communi

62 3737 235 3834 susceptae,
265 3740 319 3815 vel
351 3763 373 3809 e
405 3738 572 3811 doctrinis
600 3739 757 3810 affumtae
789 3749 826 3809 et
854 3728 1084 3829 Philosophia,

63 3861 218 3948 morales,
237 3860 399 3957 physrcae,
417 3861 617 3933 dialecticae.
653 3860 797 3932 Nullius
814 3883 886 3928 non
903 3856 1083 3930 sententiae

63 3984 166 4054 visae
184 3984 343 4080 potestas,
367 3983 393 4055 fi
417 3983 519 4078 paulo
538 3983 638 4055 altius
655 3981 770 4052 abdita
786 3978 901 4068 lateat,
920 3979 1084 4076 patefaci-

64 4106 149 4176 enda
171 4107 233 4178 est.
284 4105 412 4180 Placita
428 4105 656 4202 Philosophiae
673 4104 855 4201 diligenter
872 4103 1083 4200 explicanda,

65 4208 247 4322 presertim
266 4229 302 4298 in
319 4227 523 4316 Plutarcho,
542 4230 601 4323 qui
618 4229 708 4300 inter
724 4228 903 4324 primarios
920 4226 1084 4297 Historia·

64 4350 310 4447 Philosophicae
336 4349 450 4423 fontes
474 4350 643 4438 censetur,
670 4351 708 4432 in
738 4373 850 4445 eoque
875 4357 1085 4445 argumento

65 4472 147 4545 aden
168 4475 219 4547 est
242 4472 405 4570 frequens
427 4486 469 4546 ut
495 4474 566 4544 fine
590 4470 666 4578 ejus
690 4471 917 4568 explicatione
940 4469 1084 4567 intelligi

64 4598 206 4670 omnino
236 4607 398 4693 nequeat.
448 4596 577 4694 Neque
602 4581 683 4676 uero
709 4594 811 4677 rebus
839 4593 949 4690 magis
978 4614 1113 4689 quam.

557 4742 578 4792 B
598 4729 619 4791 3
