2684 5258
170 360 229 422 172
310 352 352 413 D.
363 354 415 412 W.
434 354 642 414 axmauv.
659 353 708 414 ΙΝ
726 352 965 416 eumaem
983 354 1061 417 111.

165 514 265 580 Nunc
278 516 422 602 proxima
434 528 468 581 et
480 517 614 582 maxime
628 516 795 582 ueceffaris
808 538 950 605 queque
961 516 1108 606 primum
1121 539 1194 584 oerr·

167 618 424 807 stimi-„m
441 720 486 784 οὖν
506 721 659 806 ipsi—aph
677 725 739 806 δοκῇ
757 723 816 806 πο]
840 718 942 808 Quod
953 717 1189 786 lefflonemeo·

166 818 276 884 dicum
292 821 334 883 A.
350 835 384 882 et
402 823 441 884 E.
464 820 520 905 nist
533 834 566 883 ut
583 845 699 900 veron,
720 830 795 883 certe
810 832 845 882 st
866 819 1046 905 legitimam,
1068 818 1189 906 proba·

165 923 237 985 daur
253 922 306 1005 ‘ff‘
323 919 400 995 dixi,
421 921 494 998 hoc,
509 921 767 1007 quandoquidem
790 921 896 1006 postea
915 919 1001 1007 saepe
1023 920 1057 984 in
1074 918 1185 1007 judicio

165 1020 207 1084 de
227 1020 444 1084 constituenda
465 1021 617 1106 scriptura
639 1022 799 1087 Plutarchi
812 1035 847 1087 et
864 1021 987 1087 factum
1000 1022 1058 1098 est,
1072 1035 1107 1086 et
1118 1018 1183 1086 faci·

47 1174 54 1185 .
164 1119 285 1186 endum
300 1120 372 1197 erit,
387 1120 479 1206 quale
493 1122 539 1199 fit,
554 1138 734 1187 moneatur.
762 1123 878 1188 Omnis
891 1145 964 1188 vera
979 1122 1079 1189 leffio
1092 1120 1181 1187 estle-

162 1222 289 1310 giam,
309 1221 454 1309 legitima
473 1224 578 1288 omnis
599 1246 664 1290 non
686 1225 841 1290 continuo
859 1226 903 1290 est
920 1247 1007 1289 vera.
1042 1224 1177 1303 vana,

40 1324 45 1330 ’
163 1347 236 1410 quae
250 1346 362 1389 omnes
380 1326 412 1388 in
434 1326 464 1390 se
485 1347 634 1391 numeros
655 1325 884 1412 probabilitatis
903 1325 1014 1405 habet,
1036 1325 1072 1390 id
1087 1325 1138 1403 eli,
1149 1335 1176 1388 et

163 1428 385 1494 amioritatem
411 1430 607 1515 oprimomm
633 1428 798 1507 librorum,
826 1443 861 1492 et
887 1449 964 1492 cum
992 1426 1173 1503 sententia,

165 1542 237 1597 tum
258 1521 431 1595 didionem
453 1552 536 1610 earn,
559 1544 597 1595 ut
615 1530 657 1595 ad
678 1528 926 1616 intelligentium
948 1527 1110 1615 judicium
1128 1525 1175 1592 slis

163 1630 260 1697 lectio
281 1632 553 1697 accommodatior
580 1631 724 1725 prasenti
750 1630 823 1695 loco
846 1645 880 1694 et
903 1630 1043 1694 auctoris
1064 1626 1174 1716 ingenio

164 1730 337 1818 excogitari
356 1732 442 1797 nulla
464 1732 566 1818 pollit.
610 1730 768 1818 Legitima
781 1731 834 1806 est,
849 1752 923 1814 quae
937 1728 1036 1794 babet
1055 1726 1172 1795 meton-

163 1848 266 1897 tatem
286 1832 481 1918 optimorum
503 1832 668 1910 librorum,
689 1832 747 1895 five
766 1829 970 1917 probabilitas
989 1827 1132 1895 diffionis
1144 1847 1173 1891 sc

164 1933 328 2000 sententiae
351 1931 439 2009 adfit,
467 1933 526 1995 live
549 1931 604 1995 illa
626 1932 713 1996 defit.
768 1932 872 2017 igitur
897 1931 982 1997 hanc
1007 1931 1173 2006 lectionem,

163 2032 282 2118 quippe
306 2031 460 2095 firmatam
485 2031 675 2117 audioritatc
700 2032 849 2096 codicum
873 2031 1072 2116 optimorum
1091 2032 1130 2096 A.
1148 2040 1174 2094 et

161 2136 204 2197 E.
227 2133 411 2197 dicebamus
432 2133 614 2218 legitimam:
637 2149 670 2198 at
692 2157 756 2198 non
782 2134 966 2199 dicebamus
986 2133 1174 2220 vermquis

160 2231 281 2320 aliquid
293 2233 334 2299 ad
348 2234 534 2300 sententiam
549 2236 644 2322 hujus
658 2236 721 2300 loci
734 2249 768 2299 et
779 2236 1043 2303 consuenrdinem
1055 2234 1173 2304 amoris

160 2336 422 2403 deliderabamus.
457 2337 554 2424 Quod
568 2337 697 2424 quidem
717 2337 762 2403 ita
781 2337 943 2422 expletum
964 2338 1035 2402 fore
1055 2336 1174 2414 videtur,

161 2439 267 2504 licam
281 2439 345 2504 leni
360 2440 537 2504 mutatione
556 2439 598 2503 ad
619 2440 702 2503 hanc
724 2440 859 2503 sormam
880 2439 1128 2504 constituamus:
1143 2435 1175 2500 ‘A

159 2543 185 2603 δ’
202 2541 246 2604 οὖν
268 2542 325 2623 ἐμοὶ
344 2543 411 2628 errpl
427 2543 591 2623 ποιημάτων
609 2547 686 2605 εἰπεῖν
704 2539 800 2626 πρῴην
818 2545 931 2617 ἐπῆλθε,
950 2547 993 2603 νῦν
1012 2541 1078 2629 πςός
1090 2564 1174 2625 αγι-

159 2642 312 2730 γςαμμᾶνα
326 2643 447 2723 ἔπεμψα·
471 2641 521 2728 κᾷν
535 2645 597 2726 δοκῇ
611 2667 708 2705 σοι-.
740 2641 869 2705 Solebat
890 2640 978 2705 enlm
1002 2641 1176 2708 Plutarchus

159 2745 278 2808 babere
305 2743 437 2820 scholas,
465 2764 543 2827 quas
567 2756 601 2806 et
627 2743 852 2807 differtationes
880 2743 1056 2828 appellant,
1077 2745 1177 2831 easque

159 2844 264 2930 postea
277 2843 470 2909 conscribere
485 2841 624 2907 eredere
638 2870 646 2906 ι
673 2858 710 2907 ut
731 2859 862 2930 apparet
874 2866 913 2909 ex
927 2845 1094 2935 principiis
1106 2867 1176 2933 quo·

160 2940 305 3007 rumdam
320 2940 483 3019 librorum,
499 2942 595 3007 veluti
609 2945 660 3007 De
673 2943 845 3007 Audiendo
860 2966 892 3029 p.
906 2961 960 3028 37.
978 2945 1019 3012 C.
1055 2949 1109 3011 De
1122 2946 1176 3012 Ca·

159 3039 275 3130 pienda
287 3064 327 3106 ex
340 3039 477 3111 inimicis
490 3041 627 3111 utilitate
648 3067 680 3129 p.
696 3046 750 3108 86.
765 3044 810 3108 C:
833 3043 991 3108 Adversus
1012 3047 1178 3132 Epicurum

158 3167 192 3230 p.
212 3142 303 3207 1086.
323 3143 363 3221 C,
380 3144 432 3208 D:
456 3143 614 3208 Adversus
630 3145 778 3209 Colorem
799 3167 832 3230 p.
851 3162 942 3229 1107.
958 3149 997 3211 E.
1034 3148 1091 3214 Ad
1108 3168 1179 3236 quos

157 3245 247 3312 locos
268 3245 321 3339 qui
345 3244 432 3310 hunc
454 3245 573 3333 exigat,
595 3246 621 3309 is
644 3247 777 3311 nostram
799 3246 1015 3333 conjecturam
1044 3252 1179 3338 proxime

156 3348 199 3414 ed
215 3348 374 3416 Plutarchi
388 3349 649 3415 consuetudinem
663 3349 812 3414 accedere
826 3349 999 3436 intelliget.

204 3466 255 3535 15.
270 3451 309 3515 B.
330 3459 384 3516 τῶν
404 3451 549 3533 &padicus
572 3449 743 3533 καλεμένων,
759 3449 859 3525 airum
876 3456 903 3514 is
920 3455 975 3526 τοῖς
988 3453 1090 3530 πότοις
1102 3481 1180 3544 mpr-

157 3551 280 3626 a‘rlorroa
302 3553 324 3634 ’l
346 3551 581 3639 προλαμὸάνεσι]
606 3556 644 3616 τὰ
664 3550 805 3632 &pl-ivea,
820 3551 1102 3638 scilicetpdppana,
1116 3557 1180 3622 sunt

158 3649 277 3738 quaevis
298 3653 437 3715 remedia
453 3654 612 3716 ebrietatis
631 3651 679 3715 vel
696 3651 892 3737 depellenda
911 3651 960 3716 vel
979 3655 1148 3723 cavenda:
1167 3663 1181 3735 i

156 3753 293 3837 ἄμέθυςος
316 3749 359 3813 est
380 3751 457 3838 lapis
480 3766 514 3815 et
534 3753 644 3815 herba:
667 3754 782 3838 quibus
799 3776 839 3818 an
861 3754 904 3818 ab
918 3753 1031 3821 eadem
1046 3757 1181 3828 efficacit

158 3875 276 3920 nomen
301 3851 446 3916 additum
469 3853 515 3930 srt,
537 3852 673 3918 dubitari
695 3878 714 3919 a
735 3857 917 3935 Veteribus,
938 3856 1181 3946 intelligimuse

158 3955 259 4020 Plinio
278 3954 323 4021 H.
338 3954 384 4017 N.
399 3953 573 4016 XXXVII.
588 3973 641 4034 40.
663 3971 697 4019 et
720 3957 888 4022 Plutarcho
905 3960 1053 4044 Sympos.
1074 3961 1138 4027 lll.
1154 3979 1179 4029 1.

155 4076 190 4140 p.
206 4057 280 4137 647.
294 4055 334 4118 B.
369 4055 488 4119 Tamen
510 4066 544 4119 et
560 4053 724 4122 loeminino
745 4057 874 4122 nomine
898 4064 948 4133 τὰς
970 4066 1177 4146 κατασκιυιζο-

154 4154 238 4238 pirae
260 4155 413 4235 ἆμεθῦςους
434 4154 513 4220 dicit
539 4153 715 4222 Arbenaeus
739 4160 766 4221 1.
790 4181 822 4245 p.
838 4180 891 4245 34.
915 4164 1044 4235 rcnredia
1067 4164 1125 4229 illa
1146 4187 1178 4231 tx

156 4252 409 4350 mlh-praeceptis
435 4254 607 4345 eomprfita3
639 4257 695 4330 ubi
722 4257 814 4356 plura
841 4258 936 4333 docet
963 4260 1175 4340 casaubonus.

449 4524 599 4576 A.
