2684 5258
272 372 312 438 n
357 362 565 434 annana
578 363 626 425 nr
640 361 972 425 unmanucnr.
985 337 1223 423 nunnonunr'.

267 529 369 617 logo:
390 551 505 619 quem,
521 540 560 592 ut
579 526 729 615 primum,
749 551 770 594 a
789 526 934 593 nondum
955 525 1028 592 satis
1045 526 1301 625 matina-oonia-

267 644 420 720 rnataque
448 630 604 715 scriptoris
631 631 782 696 facultate
809 629 990 717 profe8ru1n
1016 641 1110 693 notat
1136 627 1300 717 Diogene·

266 732 419 818 {artius
431 733 475 795 112
489 732 546 794 61:
569 743 604 795 at
618 730 681 818 ipse
692 731 860 796 AEschiues
873 730 1070 817 praecipuum
1084 728 1221 809 constat,
1233 743 1296 797 tun

268 830 404 919 quidem
413 852 514 918 quum
536 833 703 918 Syracusas
717 832 867 912 veniffet3
891 831 1042 919 fiquidem
1061 852 1137 896 eum
1158 832 1295 919 pralogit

268 933 436 1021 Dionyfio,
449 946 487 998 ut
500 933 608 1021 prodit
621 934 783 999 Lucianus
794 936 847 999 De
862 934 995 997 Parasito
1008 932 1048 998 T.
1061 935 1089 997 1.
1104 954 1138 1020 p.
1153 933 1229 1000 860.

311 1035 354 1098 V.
382 1032 440 1098 Nil
456 1032 585 1116 dicitur,
600 1046 709 1099 utrum
723 1034 813 1121 pueri
828 1034 937 1099 utilius
951 1033 1051 1112 domi,
1073 1055 1116 1098 an
1137 1034 1171 1097 in
1187 1034 1292 1100 scholi

268 1133 475 1201 eordiantur:
496 1135 585 1222 quod
598 1137 641 1201 eil
653 1151 882 1223 argumentum
902 1135 1112 1222 Quinotiliani
1128 1137 1230 1207 lnllit.
1243 1137 1292 1202 Or.

270 1238 300 1304 l.
314 1257 349 1303 2.

238 1349 243 1361 '
310 1341 374 1406 Vl.
397 1339 467 1421 Nil,
482 1361 546 1426 qua
566 1339 688 1406 ratione
709 1362 883 1428 puerorum
904 1339 1033 1427 ingenia
1049 1339 1291 1426 dignoscantur:

267 1441 360 1530 quod
369 1442 416 1507 est
426 1442 566 1530 ejusdem
580 1456 820 1529 argrunentum,
837 1444 863 1505 Ι.
876 1463 910 1528 3.

310 1547 388 1611 VII.
416 1544 475 1610 Nil
500 1544 540 1610 de
566 1544 658 1611 variis
682 1544 819 1631 ingeniis
844 1544 930 1610 vario
958 1541 1057 1609 modo
1084 1541 1239 1609 docendis
1259 1564 1292 1611 ac

267 1645 452 1715 uuundu

310 1750 405 1814 vm.
434 1745 491 1813 Nil
512 1748 553 1812 de
574 1747 640 1835 ipsa
660 1748 809 1814 varietate
831 1746 1035 1833 ingeniorum
1054 1745 1203 1826 naturali,
1223 1766 1292 1810 curn

266 1849 301 1915 in
315 1849 467 1915 facilitate
480 1862 514 1913 et
527 1847 651 1912 solertia
666 1848 708 1912 ad
726 1849 870 1926 virtutes,
888 1861 983 1925 artes,
1003 1845 1204 1930 disciplinas.
1227 1858 1291 1911 tun

263 1950 301 2021 in
315 1948 515 2038 proclivitate
525 1946 609 2015 sd
582 1948 668 2026 ntia,
684 1951 807 2034 stirpore
822 1961 855 2014 et
869 1948 984 2013 inertia
996 1947 1037 2011 ad
1051 1945 1250 2013 discendum.

310 2053 372 2117 lx.
399 2049 457 2119 Nil
478 2049 519 2114 de
537 2049 686 2114 varietate
708 2049 905 2114 educationis
925 2049 967 2113 ad
984 2049 1067 2113 varia
1081 2048 1154 2113 vitoe
1166 2061 1292 2136 genera,
1310 2058 1315 2065 '

238 2144 240 2148 ¹
266 2153 385 2246 quibus
397 2151 487 2240 pueri
501 2151 704 2230 destinantur,
718 2151 1003 2217 accommodanda.

309 2258 353 2325 Χ
382 2254 493 2321 Multa
512 2254 639 2333 desinit,
653 2277 727 2341 quae
746 2253 958 2340 Antiquitatis
977 2277 1049 2319 mos
1069 2254 1102 2318 in
1122 2253 1185 2321 hoc
1198 2274 1292 2340 argu·

258 2371 378 2432 monto
392 2357 563 2423 desiderat.
587 2356 701 2437 multa,
716 2379 790 2444 que
804 2356 965 2422 Plutarchi
979 2356 1155 2442 proprietas
1169 2367 1203 2420 et
1215 2378 1291 2420 con·

261 2461 411 2529 aalma
457 2460 575 2525 Omnia
593 2460 763 2538 recensere,
781 2458 941 2525 infinitum
954 2460 1015 2523 est·
1038 2456 1146 2523 adhuc
1167 2457 1291 2523 illorum

264 2564 414 2654 qratiam
427 2563 610 2651 attignnus-·
627 2585 713 2627 nunc
724 2562 839 2627 horum
853 2582 956 2645 pauca
968 2581 1197 2634 memoremus.
1228 2559 1292 2627 Pri·

262 2685 358 2733 num
380 2663 491 2750 igitur,
517 2665 670 2728 virtutum
694 2661 908 2747 vitiorumque
927 2661 1107 2725 notationes
1125 2661 1292 2726 Plutarcho

262 2765 328 2833 ill·
346 2763 516 2829 familiares
535 2762 640 2826 duuae
660 2763 701 2826 ab
722 2761 917 2847 experientia
932 2776 967 2825 et
979 2761 1128 2826 interiore
1143 2761 1291 2826 humane

257 2877 389 2939 ,μοῦνα
400 2862 779 2942 observatura—nulla.

306 2966 368 3031 xl.
399 2963 662 3050 comparationes
682 2964 844 3028 aolionum
866 2964 965 3029 animi
985 2977 1019 3028 et
1040 2951 1194 3050 corporis,
1218 2965 1290 3031 Plu·

263 3064 574 3150 tarcho.iroquentes
588 3077 622 3128 et
635 3063 782 3150 propria,
799 3065 914 3151 quibus
933 3088 982 3131 rus
999 3088 1018 3130 a
1039 3065 1186 3130 sensuum
1201 3065 1290 3153 judi·

261 3167 317 3234 oio
329 3178 460 3232 remota}
476 3167 533 3231 sub
547 3166 653 3230 sensus
668 3181 854 3232 revocantur
870 3181 903 3231 et
922 3168 1082 3252 corporeis
1098 3167 1291 3254 imaginibus

261 3267 640 3358 ignificantun-nullae.

303 3373 382 3438 ΧΠ.
412 3369 689 3457 Philosophorum,
710 3369 766 3456 qui
785 3369 880 3435 multi
895 3371 1037 3450 fuerunt,
1058 3371 1179 3438 dehoc
1193 3395 1288 3462 argn-

260 3489 371 3542 nerito
385 3489 545 3563 precepta
558 3488 593 3541 et
607 3475 743 3540 rationes
756 3498 815 3541 nec
827 3476 1018 3557 referuntur,
1034 3499 1093 3542 nec
1105 3499 1182 3542 cum
1198 3478 1288 3565 judi·

259 3575 312 3641 oio
328 3577 562 3661 expendtmtur.
607 3579 693 3642 Nam
706 3577 793 3663 quod
809 3577 949 3643 Platonis
962 3577 1130 3664 aliquoties
1145 3580 1181 3644 fit
1197 3602 1289 3645 men·

258 3676 323 3756 sio,
333 3674 433 3740 levius
444 3676 507 3740 hoc
520 3678 565 3740 est
578 3700 674 3763 quam
688 3701 746 3765 pro
761 3679 990 3745 consuetudine
1004 3701 1040 3743 ac
1056 3679 1201 3746 dolirina
1214 3681 1287 3747 Plu-

251 3775 374 3845 ‚mohs

250 3925 256 3933 -
302 3880 398 3945 llll-l.
425 3875 580 3962 Exempla
593 3876 634 3941 de
651 3900 823 3965 puerorum
843 3879 1040 3946 Educatione
1054 3903 1074 3946 a
1088 3881 1213 3947 diversis
1227 3883 1286 3948 fin·

257 3980 411 4068 gulorum
432 3977 626 4067 poptrlorum
645 3982 788 4047 moribus
806 3982 961 4063 desumto,
982 3983 1080 4048 veluti
1104 3984 1285 4051 Athenien-

257 4080 691 4162 mhotdremoniorum,
705 4083 944 4164 Thebanorum,
966 4087 1198 4169 Romanorum,
1214 4110 1285 4154 om·-

250 4183 337 4252 aino
349 4202 460 4249 renun-
470 4186 684 4250 Romnarum
698 4187 962 4254 mentio-nulla.

249 4332 253 4339 ·
299 4285 404 4355 xlv..
421 4287 473 4360 De
488 4284 616 4354 confilio
628 4285 703 4368 loci,
718 4285 883 4374 temporis,
899 4287 1081 4374 hominum,
1096 4290 1130 4357 id
1144 4292 1200 4373 est,
1212 4289 1283 4381 qui·
