2684 5258
165 361 222 413 158
301 352 340 410 D.
353 351 405 409 W.
425 347 631 408 ANIMADV.
652 346 700 406 IN
720 344 955 405 PLUTARCHI
975 342 1052 405 nm.

162 494 236 578 him
259 512 291 578 in
314 510 477 579 codicibus
494 508 626 576 Venetis
650 507 747 595 hujus
766 505 916 593 Catalogi
935 492 1043 572 Num.
1060 492 1191 573 CLXX.

163 618 206 680 est
228 617 285 701 περὶ
306 613 472 696 ποιημάτων,
487 624 520 676 et
539 613 641 675 Num.
659 610 826 672 CLXXII.
842 606 883 681 τίς
901 614 916 684 ἡ
931 612 1016 670 miro]
1034 606 1188 690 ἐπιμὲλιιε

162 739 257 804 porro
272 716 303 778 in
318 715 429 778 eodem
446 711 601 797 Catalogo
621 714 723 774 Num.
740 710 863 775 LVIII.
884 709 952 795 oripi
970 716 1120 787 ποιητικῆς
1135 710 1185 774 ali·

163 818 220 896 ud,
236 838 331 901 quam
348 815 444 901 hujus
460 813 541 891 libri,
557 814 646 876 estet
661 833 777 875 nomen
793 823 827 874 et
839 824 1087 896 argumentum,
1100 810 1183 907 idque

162 917 264 1003 magis
278 916 425 978 usitatum
441 938 478 978 ne
500 914 682 977 trattntum.
721 909 908 975 Plutarchus
925 909 1059 996 quidem
1077 924 1182 976 nomeu

162 1020 218 1081 suo
238 1017 318 1079 libro
337 1016 442 1078 sunrfit
456 1039 473 1077 n
489 1014 656 1100 Chrysippi
678 1013 770 1092 libro,
791 1012 923 1099 cognito
939 1013 1033 1077 nobie
1054 1036 1093 1077 ex
1110 1014 1180 1079 Dio·

162 1118 252 1205 genis
271 1116 388 1181 Laertii
403 1115 565 1179 mentione
580 1117 657 1202 VII.
675 1134 749 1181 200.
763 1115 831 1200 περὶ
851 1119 887 1176 τῦ
908 1122 974 1190 πῶς
992 1117 1030 1178 δᾶ
1041 1124 1094 1179 τῶν
1105 1142 1177 1193 ooo·

161 1221 256 1303 μάτων
270 1218 374 1296 ἀχέειν,
393 1216 502 1281 addito
522 1218 566 1279 riv
581 1215 648 1295 vin}
665 1240 730 1303 quo
750 1215 854 1303 lnagIS
874 1214 1053 1296 confiIIum,
1069 1231 1102 1282 et
1113 1230 1177 1280 είλ-

162 1338 241 1400 tem,
257 1321 309 1385 cui
324 1321 481 1397 scriberet,
503 1318 687 1382 declararet.
725 1320 768 1381 Et
781 1331 855 1381 ante
870 1317 975 1394 illum,
990 1318 1067 1383 teste
1078 1316 1173 1383 eodem

162 1424 382 1488 Laertionl.
395 1442 428 1502 4.
452 1421 542 1486 seit-ee
564 1419 660 1508 hujus
680 1418 828 1484 conditor
840 1421 932 1483 Zeno
949 1418 1067 1484 librum
1081 1417 1172 1482 edide-

162 1537 211 1588 rat
223 1525 285 1610 περὶ
294 1528 435 1602 ποιητικῆς
447 1522 620 1610 ἀκροάσεως,
636 1522 672 1584 de
684 1519 795 1608 poetico
810 1518 973 1597 auditione,
990 1518 1024 1583 id
1040 1520 1093 1599 est,
1115 1540 1170 1606 qno·

161 1626 242 1689 modo
259 1638 354 1713 poctae
367 1624 509 1688 audiendi
519 1625 596 1709 fint.
632 1625 719 1687 Nam
734 1622 798 1686 late
813 1622 943 1706 patebat
955 1620 1010 1686 hic
1024 1619 1168 1685 locuenon

161 1726 264 1792 solum
279 1749 336 1814 per
352 1727 616 1812 Philosophorum
630 1723 763 1803 scholas,
782 1721 834 1786 sed
852 1745 909 1808 per·
923 1736 1027 1788 totam
1039 1721 1108 1786 vitre
1121 1720 1167 1784 hu·

162 1851 278 1908 manae,
294 1831 429 1894 maxime
438 1828 629 1915 juventutis,
643 1825 883 1890 institutionem.
906 1826 983 1912 Quo
997 1825 1096 1911 magis
1107 1842 1167 1907 ope·

160 1951 204 1991 rae
229 1929 366 2013 pretium
390 1951 448 1991 nos
474 1927 613 1991 intimos
639 1927 851 1991 existimamur
876 1925 1041 1992 Plutarchi
1061 1920 1165 1991 eonfiho

160 2027 346 2117 diligentius
360 2027 560 2114 explicando
1130 2031 1136 2047 “

354 2330 416 2399 DE
439 2332 674 2398 PROPOSI'IO
696 2332 842 2398 HUJUS
864 2330 996 2399 LIBRI.

159 2537 163 2544 ’
203 2535 271 2625 Qui
296 2537 419 2622 primus
448 2534 653 2601 Plutarcheoe
677 2534 936 2599 morales'libros
962 2534 1008 2601 ite
1028 2528 1166 2622 disposuit,
1205 2572 1209 2623 l

160 2637 222 2703 sive
243 2639 346 2702 Aldus
368 2638 547 2713 Manutius,
571 2636 628 2699 sive
647 2635 807 2720 antiquior
825 2635 981 2716 librarius,
1002 2651 1040 2701 ut
1054 2635 1167 2700 hosne
1206 2638 1209 2733 l

158 2760 212 2816 eo,
227 2760 292 2823 quo
310 2756 394 2800 nunc
409 2738 492 2813 lunt,
507 2734 618 2799 ordine
636 2735 668 2799 in
686 2736 842 2822 principio
860 2751 1006 2822 poneret,
1028 2738 1054 2802 is
1073 2754 1166 2824 quem·
1205 2758 1209 2801 r

158 2837 234 2900 dnm
261 2837 454 2922 argumenti,
483 2850 616 2915 naturae,
643 2851 677 2900 et
700 2837 896 2923 antiquitatis
923 2839 1081 2903 rationem
1100 2830 1168 2921 sequi

158 2935 270 3000 voluit.
304 2939 389 3000 Nam
404 2959 424 3001 a
438 2951 554 3000 natura
566 2937 837 3022 proficiscentibus
850 2954 1028 3004 occurrunt
1040 2939 1169 3021 deincep

41 3034 44 3039 ’
156 3035 291 3122 pinnen,
305 3041 400 3123 egipti,
411 3036 540 3114 aalide,
555 3042 667 3121 ἀγωγὴ,
683 3038 770 3122 quod
788 3040 831 3103 est
847 3055 1078 3126 argumentum
1090 3028 1169 3105 libelii

156 3138 208 3203 De
228 3138 425 3202 Educatione.
470 3140 564 3202 Porro
587 3139 620 3201 in
642 3138 772 3214 παιδείας·
792 3141 934 3224 partibus
957 3141 1034 3209 duee
1054 3132 1169 3208 suntid

158 3245 325 3335 ingenium
349 3247 556 3331 animumque
578 3244 781 3309 formandum
797 3247 969 3333 principes,
984 3263 1019 3313 et
1032 3252 1170 3315 Veterum

156 3350 218 3414 usu
231 3351 411 3429 celebrate,
436 3351 604 3414 Poetarum
625 3346 731 3425 lettio,
746 3360 779 3411 et
796 3348 1062 3434 Philosophorum
1074 3342 1171 3437 cogni·

158 3451 227 3515 tior
258 3453 326 3530 illa,
351 3453 437 3538 prior
458 3465 492 3516 et
513 3448 656 3537 pueritiae
679 3446 838 3535 adjuncti,
862 3449 924 3514 hoc
947 3449 1015 3536 ipso
1040 3451 1122 3517 libro
1132 3444 1172 3512 lte

158 3549 258 3613 Poetis
271 3553 439 3616 Audiendis
453 3552 620 3637 explicita:
644 3550 725 3630 haec,
747 3551 896 3636 posterior
910 3564 944 3616 et
958 3573 1035 3618 oum
1050 3545 1173 3620 ineunti!

157 3648 378 3715 adolescentiae
406 3653 512 3716 studiis
537 3651 717 3739 eonjunita‚
744 3653 888 3738 proximo
915 3653 998 3719 libro
1021 3656 1071 3720 De
1096 3654 1173 3720 Ml

156 3749 310 3814 Audiendi
330 3749 455 3813 Ratione
472 3751 642 3816 declarata.
686 3754 749 3817 Sed
771 3753 824 3818 isle
843 3756 892 3817 De
905 3755 1095 3821 Educatlone
1114 3757 1173 3844 spll·

154 3846 222 3912 rius
244 3847 306 3910 est:
330 3846 364 3909 hi
386 3848 532 3932 germani
553 3849 625 3912 sunt
646 3862 680 3914 et
702 3873 772 3915 rere
791 3870 830 3914 ex
853 3852 1045 3920 Plutarcheo
1058 3850 1173 3947 ingenit

157 3947 291 4035 prosetti
306 3945 389 4011 libri.

200 4048 287 4113 Huic
303 4047 389 4112 tituli
407 4046 552 4132 professio
572 4049 615 4112 est
632 4053 698 4138 oripi
714 4057 751 4114 τῦ
768 4060 824 4126 πῶς
844 4055 880 4116 δεῖ
896 4057 942 4120 τὸν
955 4056 1012 4121 vio
1023 4046 1171 4141 worp&

152 4147 272 4227 ἁκούων,
284 4150 420 4235 quomodo
425 4149 551 4234 juvenis
564 4163 700 4235 poemata
715 4152 819 4216 audire
831 4155 946 4235 debeat,
962 4157 1064 4240 idest,
1080 4159 1169 4245 legen

155 4244 331 4333 intelligere.
364 4252 450 4317 Nam
464 4247 569 4331 ἀκέων,
584 4252 701 4332 audire,
716 4254 841 4340 proprie
856 4256 990 4342 quidem
1001 4261 1046 4325 est
1059 4258 1170 4326 aliam

419 4526 564 4584 A
