2684 5258
292 700 471 762 nasarrr.
486 699 753 761 meracium
766 697 1016 775 marasan.
1108 707 1165 758 aas

136 862 196 947 βο
216 863 331 930 labore.
367 863 467 929 Aliud
490 862 534 928 est
553 863 654 950 ἀκαςὶς
678 861 711 926 in
735 859 954 941 Nominativo‚
974 872 1009 924 et
1026 859 1166 924 Accusa-

144 965 217 1048 tivo,
230 1011 233 1016 -
248 966 430 1052 paululum,
458 979 659 1030 momentum
680 963 833 1048 temporis
859 961 1042 1039 minimum,
1071 961 1167 1047 idque

143 1069 315 1135 Plutarcho
329 1069 402 1134 satis
415 1069 584 1155 frequens:
607 1067 648 1132 de
661 1089 726 1153 quo
739 1067 815 1131 alibi
829 1065 1020 1131 notabimus.

162 1188 199 1253 '7
201 1188 238 1256 5.
254 1173 300 1236 D.
321 1173 381 1258 ‘rapi
394 1174 430 1234 rei
444 1169 648 1253 διαλεληθότος]
674 1170 725 1233 De
741 1168 840 1232 Stoic.
858 1170 1004 1253 Repugn.
1022 1186 1056 1250 p.
1074 1183 1167 1246 ¹04²·

136 1272 175 1339 Ε.
192 1276 261 1361 seq.
276 1279 405 1358 Τᾶγοὼὰ
425 1275 497 1360 arpis
517 1278 556 1335 τοὶ
577 1277 653 1335 κακοὶ
673 1274 721 1349 τὴν
741 1277 842 1335 πᾶσαν
861 1268 934 1356 ἔχων
947 1272 1086 1355 διαφορὰν,
1101 1275 1169 1351 ὁμο-

136 1379 223 1460 λογοῖ
242 1376 569 1461 memor-alemini
590 1376 610 1435 δ’
627 1371 691 1451 tiraq
711 1376 831 1457 τάγαθὰ
848 1399 871 1457 ²5
891 1375 928 1433 rol
947 1374 1036 1448 κακὰ,
1050 1371 1170 1452 percivit

136 1482 178 1562 τῷ
198 1475 325 1563 πςπέςφ
344 1476 412 1562 περὶ
433 1473 611 1549 rimae-dre
630 1474 658 1536 di
674 1473 802 1558 peixtrap
823 1471 961 1556 τοῖςπερὶ
979 1473 1169 1549 τὸνδοοιλιλη·

136 1577 213 1641 Mra
226 1580 322 1657 σοφὸν,
335 1577 378 1652 tlt
393 1579 429 1640 titt
442 1574 476 1640 ἂν
496 1575 702 1659 ὁμολογήσειας
726 1577 844 1649 tissimi
861 1576 920 1657 γοὶς
934 1570 1005 1644 ὄντος
1023 1579 1070 1634 τοῦ
1090 1578 1170 1657 ἄγα-

136 1683 203 1758 5οῦ,
223 1678 272 1758 καὶ
290 1679 417 1763 μεγάλην
435 1680 506 1763 πρὸς
527 1680 558 1740 τὸ
580 1678 665 1740 κακὸν
683 1679 809 1761 διαφορὰν
823 1673 944 1758 ἔχοντος,
961 1676 1007 1736 τὸν
1020 1678 1051 1736 ἐκ
1065 1675 1170 1756 φαύλου

136 1780 280 1865 γινόμενον
302 1784 445 1844 σπουδαῖον
464 1785 570 1865 ἀγνοεῖν
590 1787 681 1858 τοῦτο,
702 1777 748 1858 καὶ
768 1783 815 1855 τῆς
833 1782 928 1864 ἀρετῆς
949 1779 987 1857 μὴ
1009 1775 1171 1855 altissimas

135 1880 280 1967 παρέης,
306 1883 373 1945 ἀλλ’
398 1881 492 1960 diseias
512 1885 560 1958 τὴν
582 1880 682 1944 κακίαν
703 1886 778 1964 αὐτῷ
797 1885 937 1965 seraptim,
959 1885 1023 1950 arses
1044 1880 1092 1938 οὐκ
1117 1876 1171 1949 ἔςον

135 1982 342 2045 ἀτοπώτατον
375 1981 461 2045 idem
485 1980 637 2065 placitum
667 1980 848 2044 Stoicorum
872 1978 1057 2042 confutatur
1084 1976 1170 2040 Adv.

136 2082 246 2153 Stoic.
262 2104 296 2168 p.
311 2086 403 2148 1062.
418 2083 457 2146 B.
469 2083 509 2147 C.
523 2085 561 2146 E.
588 2084 680 2166 1067.
696 2084 733 2146 B.
763 2080 885 2166 Attigit
899 2093 933 2144 et
945 2080 1092 2145 Stobaeus
1105 2081 1170 2143 Ec-

138 2181 211 2269 log.
236 2183 313 2248 Eth.
334 2206 367 2269 p.
386 2184 456 2267 183.
478 2183 563 2262 loco,
584 2196 622 2246 ut
640 2181 776 2261 videtur,
798 2195 962 2267 corrupto,
984 2200 1043 2244 nec
1063 2180 1172 2244 sanato

138 2283 177 2349 in
193 2284 347 2350 Heerenii
360 2284 501 2349 editione
522 2306 555 2369 p.
569 2302 641 2367 234.
655 2297 688 2348 et
702 2285 765 2368 seq.
786 2284 928 2368 Γίγνεθοο
942 2285 969 2345 δὲ
982 2279 1028 2361 καὶ
1041 2284 1171 2361 διαλελη-

141 2384 216 2448 θότα
229 2390 293 2447 τινὰ
305 2386 386 2465 σοφὸν
406 2385 553 2465 νομίζουσι,
573 2389 649 2447 κατὰ
660 2386 720 2458 τοὺς
733 2384 861 2469 πρώτους
872 2384 987 2470 χρόνος,
1001 2380 1061 2447 οὔτι
1075 2382 1172 2470 lprpt·

143 2482 222 2564 μενοό
245 2508 325 2560 τινος,
344 2481 404 2545 οὔτε
426 2482 538 2564 νομίζειν
558 2483 719 2564 βουλόμενον
738 2482 763 2545 ἔν
787 2508 839 2545 τινι
860 2485 905 2545 τὸν
927 2487 953 2545 ἐν
972 2488 1013 2565 τῷ
1033 2480 1175 2560 βούλοθοο

144 2586 236 2647 iliade
251 2582 327 2661 ὄπα,
342 2585 386 2645 διὰ
398 2586 429 2646 τὸ
441 2588 480 2665 μὴ
501 2584 594 2671 κρίνειν
608 2587 682 2669 αὐτῷ
700 2590 829 2670 megrim
848 2582 884 2646 ὧν
902 2585 981 2669 xpi:
1006 2583 1075 2648 haec
1090 2586 1173 2650 refe-

144 2697 262 2747 runtur
280 2682 320 2746 ad
335 2683 518 2768 sapientem,
534 2684 589 2769 qui
608 2706 718 2748 recens
739 2683 923 2768 sapientiam
942 2683 1173 2768 adeptus,'non

145 2781 242 2848 sentit
258 2783 289 2847 se
303 2781 362 2846 else
378 2781 447 2868 jam
461 2784 654 2868 sapientem:
679 2783 783 2848 media
803 2782 950 2847 diationis
970 2805 1043 2868 pars
1060 2785 1175 2849 habeat

146 2884 363 2970 corruptelam
384 2886 510 2950 fortalfe
533 2887 576 2950 ita
594 2886 827 2971 corrigendam,
846 2900 884 2948 ut
900 2886 1011 2966 νομίζοιο
1032 2885 1175 2951 deleatur

147 2998 313 3071 tamquam
327 2986 368 3048 ab
381 2986 589 3051 antecedente
602 2987 726 3068 νομίζοοι
743 3001 860 3050 temere
874 3000 992 3064 ortum,
1007 2985 1177 3072 etreliqua

144 3084 237 3152 hunc
252 3086 284 3149 in
299 3084 433 3150 modum
446 3087 686 3165 constituantur,
701 3085 760 3150 οὔτε
773 3085 934 3169 βουλόμενον
947 3085 974 3148 ἔν
985 3112 1013 3148 τι
1026 3093 1080 3150 τῶν
1096 3091 1123 3150 ἐν
1136 3093 1176 3172 τῷ

147 3184 280 3267 primitias
294 3190 380 3251 ἲὸοκῶο
394 3186 528 3250 ἔποψ.
552 3188 667 3250 Putant
681 3188 769 3259 etiam
785 3188 873 3252 Stoici
887 3188 940 3272 effe
951 3186 1078 3274 aliquem
1085 3188 1176 3275 sapi·

149 3299 256 3366 entem,
277 3286 378 3374 quise
389 3289 447 3374 ipse
467 3289 580 3375 ignoret
589 3289 755 3375 sapientem
771 3291 824 3375 effl
841 3291 872 3354 in
887 3289 991 3375 primis
1005 3291 1179 3378 temporibus

150 3390 271 3477 adeptae
291 3389 464 3475 sapientiae,
492 3414 583 3476 neque
604 3402 782 3478 appetentem
804 3393 889 3478 qaid,
917 3416 1008 3478 neque
1034 3390 1178 3457 volentem

150 3491 312 3577 maspetum
326 3513 434 3569 eoram,
451 3515 520 3576 quae
528 3491 731 3578 propriasunt
746 3492 777 3554 in
789 3492 928 3571 volend03
940 3504 1092 3579 propterea
1103 3494 1182 3580 quod

151 3591 281 3654 nondum
290 3590 408 3677 judicet
417 3591 481 3675 sthi
495 3593 590 3677 adeffi
604 3615 649 3670 ea,
665 3616 734 3678 quae
748 3604 866 3680 oportet.
903 3592 1035 3677 Sapiens
1053 3594 1177 3681 ὀρέγεται

153 3690 296 3777 quidem,
314 3690 367 3755 sed
385 3692 527 3771 enema,
546 3715 610 3756 non
625 3696 766 3774 ἐπιθυμεῖς
790 3690 885 3778 hujus
900 3693 942 3755 est
956 3691 1040 3778 ὄρεξις
1053 3691 1177 3776 εὔλογος,

151 3815 224 3880 quae
246 3791 364 3857 dicitur
383 3793 532 3871 βούλησοςε
556 3815 619 3878 qua
639 3793 680 3857 de
700 3793 877 3858 differentia
897 3794 1016 3857 conflat
1037 3816 1076 3856 ex
1096 3794 1178 3859 Dio·

153 3916 236 3982 gene
250 3893 378 3958 Laertio
392 3896 469 3960 Vll.
488 3900 560 3960 116.
588 3895 742 3958 Cicerone
755 3895 848 3958 Tusc.
864 3897 923 3959 IV.
939 3898 975 3958 6:
998 3894 1067 3958 vult
1080 3907 1108 3958 et
1121 3911 1178 3982 ap-

150 3997 224 4082 petit
237 3999 276 4058 τοὶ
291 3997 362 4073 littei
377 3999 403 4059 ἐν
416 4002 455 4081 τῷ
469 3995 621 4074 Barlaamus,
635 4019 682 4073 ea,
697 4019 764 4081 quae
781 3995 901 4082 propria
910 3996 988 4080 sunt
1000 3995 1032 4057 in
1043 3995 1179 4075 volendo,

154 4097 256 4175 idest,
276 4097 351 4161 bona
365 4121 375 4160 .·
389 4111 432 4162 ¹at
452 4098 596 4162 nondum
615 4097 775 4189 haecvult
793 4097 832 4175 is,
853 4097 909 4184 qui
929 4097 1034 4161 adhuc
1056 4098 1182 4184 ignorat

155 4198 185 4264 fe
200 4199 262 4262 elle
275 4197 469 4283 sapientem3
493 4200 636 4264 nondum
652 4201 737 4263 enim
754 4199 880 4285 judicat
895 4200 948 4264 fibi
962 4201 1062 4265 adesse
1077 4199 1112 4271 ὧν.
1121 4204 1181 4287 χρὴ

154 4322 192 4364 ea
212 4323 285 4385 quae
305 4313 444 4385 oportet,
464 4300 496 4363 id
518 4302 571 4376 est,
591 4323 629 4364 ea
649 4323 720 4386 quae
737 4301 919 4385 sapientiam
940 4314 974 4365 et
998 4300 1182 4367 felicitatem

156 4401 335 4478 continent,
351 4400 536 4465 facultatem
551 4399 763 4486 consequendi
786 4400 874 4477 boni,
895 4422 959 4464 non
979 4400 1076 4473 modo
1095 4400 1182 4488 fugi-

155 4502 232 4566 endi
246 4503 321 4566 mali
335 4515 370 4567 ct
383 4502 459 4566 vitii.
489 4505 582 4567 Hanc
597 4501 752 4565 rationem
768 4500 912 4564 disertius
925 4499 996 4586 quis
1010 4502 1183 4586 cognoscat

155 4623 195 4667 ex
208 4601 272 4667 alio
284 4601 403 4668 Stobaei
417 4602 490 4668 loco
508 4622 541 4688 p.
559 4618 630 4684 174.
645 4623 742 4689 quern
761 4621 862 4685 nuper
877 4600 1137 4687 perpurgavimus
1149 4602 1183 4668 in
