2684 5258
281 365 305 429 4
481 340 527 411 n.
542 340 601 411 w.
617 338 850 408 ruramrro
871 339 1105 421 Auruncu

283 530 353 602 rica
368 527 538 615 doslrina,
556 521 635 623 quae
657 528 802 598 omnem
826 526 1049 623 antiquarum
1066 551 1181 598 rerum
1205 528 1309 601 intel-

282 652 462 750 ligentiam
478 648 734 746 compleslitur,
753 660 791 720 et
814 650 905 721 intra
921 646 1028 752 hujus
1044 649 1132 720 sines
1148 649 1219 721 duo
1237 653 1309 747 pri-

282 792 344 846 ora
372 773 600 846 instrumenta
628 769 797 843 continet.
845 772 984 843 Criticae
1011 771 1311 868 Interpretationis

282 896 404 969 eadem
421 891 501 966 sunt
517 895 756 984 instrumenta,
772 892 892 966 eadem
909 895 975 981 via,
992 892 1080 965 alius
1096 893 1187 966 finis.

343 1018 413 1090 Sed
437 1018 616 1114 utriusque
639 1017 936 1113 Interpretationis
960 1016 1033 1087 duo
1057 1014 1136 1088 sunt
1158 1041 1308 1113 genera:

281 1139 443 1229 alterum,
472 1154 687 1237 perpetuum,
721 1139 817 1236 quod
849 1141 958 1211 totius
994 1136 1069 1208 libri
1103 1138 1309 1213 sententiam

282 1254 482 1359 nexumque
505 1261 772 1360 complestiturz
805 1261 965 1348 alterum,
987 1261 1181 1358 stagnlare,
1212 1264 1310 1358 quod

281 1410 356 1458 non
385 1385 448 1458 nifi
473 1382 673 1483 singulares,
703 1395 828 1473 certos,
858 1385 1004 1456 omnino
1033 1382 1211 1478 quosdam,
1241 1409 1310 1458 nec

120 1496 126 1510 ’
266 1532 405 1597 ,omnes
422 1508 544 1580 eodem
562 1532 668 1596 nexu,
685 1506 780 1579 locos
796 1507 947 1604 attingit.
991 1505 1181 1600 Perpetua
1194 1506 1312 1606 Interf

143 1648 151 1665 ‘
275 1634 484 1730 pretationis
503 1631 753 1703 Grammaticae
776 1641 845 1702 tres
866 1628 947 1702 suut
968 1627 1102 1716 sormae,
1120 1652 1183 1724 pro
1199 1632 1310 1701 varie-

281 1761 354 1827 tate
384 1754 610 1852 longitudinis
636 1778 677 1824 ac
704 1753 894 1825 brevitatis.
944 1751 1041 1824 Nam
1071 1749 1125 1821 vel
1157 1751 1204 1824 ita
1228 1753 1308 1824 red-

281 1874 407 1947 dendae
436 1875 469 1945 se
497 1875 677 1969 adstringit
703 1873 896 1959 sententiae,
926 1886 967 1946 ut
992 1872 1106 1970 quoad
1131 1869 1207 1975 ejus
1231 1874 1309 1948 fieri

281 1997 404 2093 potest,
421 1995 588 2069 eumdem
613 1996 901 2067 enunciationum
924 2018 1112 2067 numerum
1129 1996 1309 2070 ordinem-

282 2142 352 2215 que
368 2111 504 2206 reserat,
522 2129 628 2214 atque
643 2116 728 2203 aliis,
751 2141 817 2189 nec
834 2115 947 2188 multo
963 2116 1120 2212 pluribus
1137 2121 1310 2213 pauciori-

280 2240 398 2329 busve,
421 2242 533 2316 verbis
560 2240 651 2312 idem
675 2239 789 2312 dicat:
815 2265 896 2336 quae
921 2239 1048 2311 dicitur
1062 2238 1309 2338 hseeophrcfiq

281 2375 319 2436 et
339 2361 465 2462 Versso.
518 2363 584 2435 Vel
601 2362 804 2435 sententiam
829 2363 866 2434 in
887 2387 996 2459 pauca
1011 2361 1199 2449 contrahit,
1215 2360 1310 2464 ejus·

281 2511 352 2584 que
376 2511 449 2559 non
472 2486 534 2558 nifi
556 2487 696 2559 brevem
721 2485 892 2559 summam
917 2484 1052 2558 reddit:
1078 2508 1158 2581 quae
1179 2483 1310 2558 dicitur

283 2608 451 2708 Synopfis,
469 2609 642 2705 Epitome,
664 2607 918 2704 Compendium,
929 2599 1201 2703 Argumentum.
1239 2607 1309 2681 Vel

280 2726 432 2827 denique
456 2728 659 2803 sententiam
684 2729 841 2827 pluribus
867 2729 1168 2802 enunciationibus
1192 2733 1307 2825 expri-

280 2848 359 2943 mit,
385 2853 431 2925 ad
458 2854 652 2926 uberiorem
676 2853 937 2949 plenioremque
960 2851 1222 2949 intelligentiam
1251 2854 1307 2926 die

280 2975 379 3048 ducit
395 3000 436 3048 ac
452 2975 595 3049 dilatat:
622 3001 704 3072 quae
725 2975 852 3048 dicitur
870 2975 1096 3073 Perrblrrafir,
1114 2971 1306 3065 Diloratio,

220 3179 223 3185 ,
279 3097 530 3194 Amplificatio.
556 3088 757 3171 Versronem
775 3098 836 3170 suo
848 3122 1024 3195 quamque
1039 3096 1127 3168 libro
1143 3092 1306 3198 adjunxi-

280 3243 372 3294 mus.
422 3220 635 3318 Periphrafin
661 3245 682 3293 e
706 3231 872 3318 perpetua
892 3219 1099 3318 singularem
1123 3216 1306 3311 sociemus,

279 3367 347 3416 nec
371 3368 448 3416 eam
472 3345 638 3416 omnibus
662 3367 752 3440 quos
775 3341 1077 3441 tangemuslocis,
1100 3337 1157 3412 sed
1178 3340 1219 3413 iis
1242 3345 1307 3439 qui

278 3490 357 3538 eam
373 3465 561 3539 desiderare
575 3466 768 3554 rideantur,
785 3465 1036 3539 adhibebimus.
1072 3464 1201 3559 Neque
1216 3465 1304 3562 Epi·

281 3598 393 3660 tomas
420 3592 580 3661 omnium
606 3589 845 3663 exhibebimus
871 3588 1060 3670 librorum;
1087 3609 1166 3660 nam
1188 3588 1304 3685 plero-

279 3734 429 3808 rumque
448 3723 697 3808 argumentum
720 3710 830 3808 perse
849 3713 899 3805 est
916 3709 1154 3808 perspicuum:
1187 3735 1304 3810 neque

278 3831 426 3908 lectores
444 3833 547 3905 nostri
565 3833 655 3904 hanc
671 3834 820 3905 nostram
835 3857 976 3930 operam
993 3833 1183 3927 requirent,
1200 3837 1303 3931 quip-

277 3979 323 4051 pe
339 3955 410 4028 sere
425 3955 722 4034 accommodatam
747 3954 926 4047 tironibus.
977 3954 1094 4051 Atque
1111 3956 1152 4026 iis
1168 3959 1229 4052 qui
1247 3969 1303 4028 to·

275 4079 348 4149 tius
382 4078 456 4150 libri
497 4076 633 4175 legendi
667 4077 856 4172 molestiam
889 4075 1118 4173 laboremque·
1145 4077 1301 4176 fugiunt,

277 4197 456 4285 confilium
473 4199 697 4298 propositum,
708 4212 818 4296 atque
833 4198 919 4272 adeo
931 4191 1190 4300 argumentum,
1209 4201 1301 4289 libri,
1334 4183 1336 4189 ’
