2684 5258
156 363 219 416 2³⁸
301 354 340 413 D.
353 352 403 414 W.
423 352 631 414 ANIMADV.
651 351 700 412 IN
715 349 956 414 ramanent
972 350 1048 412 m.

157 516 214 582 rie.
237 519 364 603 Fragm.
387 537 419 604 p.
431 517 507 604 376.
542 513 672 581 Lectius
686 536 716 601 p.
735 533 807 600 132.
834 510 1020 581 ancltiua
1040 512 1165 580 Ande&

157 638 189 702 p.
202 636 255 700 44.
291 620 343 684 De
360 618 456 704 hujus
469 629 572 704 poetae
587 618 680 682 rebus
693 629 727 680 et
746 615 869 702 scriptis
886 617 972 681 bene
992 615 1087 681 multi
1103 637 1163 703 cge-

158 732 253 784 runt:
277 733 321 798 et,
344 733 381 782 ut
396 718 514 805 priores
535 733 708 797 taceamus,
728 717 760 781 in
774 716 885 805 primis
903 717 1098 783 memorandi
1109 718 1162 783 suu

159 824 193 888 P.
219 821 346 908 Bayliua
376 819 552 886 Diffionar.
581 820 662 885 Hist.
695 818 776 884 crit.
806 820 839 884 in
867 840 945 884 voce
972 818 1160 883 Archilochus:

156 925 187 991 J.
202 925 245 988 A.
266 923 424 986 Fabricius
446 922 529 987 Bibl.
556 925 613 987 Gr.
637 921 712 988 Vol.
728 923 755 984 Ι.
779 943 812 1007 p.
827 936 913 1006 572:
944 935 979 988 et
998 922 1066 1008 post
1085 921 1158 986 etun
1182 920 1186 929 '

156 1024 238 1099 illos,
255 1022 311 1086 viri
325 1022 410 1087 docti
424 1037 488 1087 tres
507 1021 538 1087 in
557 1021 725 1088 Memoriis
738 1022 923 1087 Academiae
938 1022 1081 1108 Inscript.
1096 1020 1158 1086 Pati·

157 1124 277 1204 fienlis3
313 1123 463 1212 Souchay
484 1123 653 1189 Vol.Vll.
684 1146 717 1210 p.
739 1137 814 1221 353.
837 1125 902 1210 seq.
939 1122 1034 1189 Sevin
1052 1122 1156 1188 vota

156 1245 190 1311 p.
205 1226 259 1310 36.
275 1225 337 1310 seq.
373 1225 506 1290 Burette
528 1223 560 1287 in
580 1223 665 1288 notis
684 1222 725 1287 ad
739 1223 854 1287 librum
870 1222 1032 1288 Plutarchi
1046 1221 1084 1288 de
1099 1224 1157 1287 Mu·

158 1324 218 1389 fica
237 1324 312 1389 Vol.
326 1326 370 1391 X.
396 1345 429 1409 p.
454 1342 527 1409 239.
549 1323 668 1408 etseq.
711 1324 754 1386 Et
774 1334 881 1387 tamen
903 1320 1010 1388 adhuc
1034 1321 1157 1388 miramo

157 1449 233 1492 cum
249 1423 443 1491 Ruhnkenio
464 1425 578 1503 nostro,
601 1420 745 1489 nondum
769 1423 933 1488 inventum
956 1424 1031 1503 effe,
1048 1422 1157 1511 quiejut

158 1527 345 1613 fragmentis
371 1525 511 1612 undique
537 1524 678 1590 collectis
701 1544 832 1610 operam
860 1539 1009 1590 navaret:
1038 1524 1077 1590 ad
1094 1523 1157 1591 velt

161 1628 283 1693 Patere.
302 1631 328 1691 I.
341 1649 374 1713 5.
391 1648 422 1696 2.

202 1750 254 1815 23.
267 1732 305 1794 B.
336 1736 372 1793 Εἰ
395 1728 467 1793 aclas
490 1731 663 1815 nepotali-J
693 1731 775 1792 Item
796 1751 835 1794 ex
856 1728 917 1793 hac
939 1750 1004 1793 una
1026 1724 1158 1795 Plutarchi

158 1833 322 1898 mentione
336 1831 515 1916 cognitum,
532 1846 565 1895 et
585 1831 617 1894 in
634 1828 820 1896 Archilochi
835 1832 1028 1916 Fragmenta
1047 1828 1157 1895 relatum

158 1933 322 1998 Brunekio
349 1931 496 1995 Analeet.
520 1952 552 2014 p.
567 1951 620 2010 41.
646 1931 699 2017 qui
726 1931 906 2014 ἀμφεπολῆθη
929 1930 1019 1995 dedit
1039 1952 1077 1996 ex
1095 1930 1157 1994 Gro-

157 2033 242 2097 tiana
262 2031 357 2117 hujus
378 2030 475 2093 libelli
499 2031 650 2109 editione,
674 2054 770 2115 quam
797 2031 873 2097 item
897 2031 1083 2119 exprefferat
1103 2032 1158 2095 Pot-

157 2148 254 2197 terus.
289 2131 395 2196 Nostri
415 2130 542 2196 codices
559 2145 592 2195 et
613 2131 768 2196 editiones
791 2148 914 2197 caetere:
933 2130 1158 2199 consentiuntin

156 2234 340 2317 ἀμφεπονήθη.
387 2236 479 2298 Forte
502 2233 616 2297 Grotio
644 2232 789 2297 mutandi
813 2235 916 2298 cauffa
940 2235 1004 2300 luit
1028 2233 1158 2299 dubitatio

158 2338 204 2401 H.
225 2332 379 2421 Stephani
392 2333 486 2399 Thes.
506 2335 544 2397 L.
560 2335 618 2398 Gr.
633 2334 671 2396 T.
688 2333 750 2396 Ill.
773 2355 806 2419 p.
824 2352 897 2399 aaa.
912 2333 983 2399 haec
1002 2332 1160 2401 scribenti:

60 2439 64 2449 ’
160 2446 184 2479 “
198 2439 376 2524 Exponitur
393 2437 490 2502 etiam
505 2436 644 2523 Abstcma,
661 2436 852 2523 efferturque
865 2460 904 2501 ex
919 2437 1089 2502 Plutarcho
1100 2439 1157 2519 ist

159 2548 182 2582 “
199 2542 323 2619 επονήθη,
351 2562 409 2626 pro
437 2539 604 2625 Confremstt,
628 2537 773 2626 Depastas
799 2537 847 2623 cst.
891 2539 959 2625 Qui
982 2538 1079 2626 hujus
1095 2532 1158 2602 verli

161 2650 186 2681 “
201 2644 273 2706 usus
293 2641 372 2705 mihi
393 2639 482 2704 ralde
507 2640 642 2704 insolens
665 2640 822 2705 videtur.'’
856 2641 932 2704 Non
955 2640 1037 2706 alius
1055 2639 1105 2705 nit
1121 2635 1159 2702 hb

160 2743 320 2808 Plutarchi
343 2744 430 2807 locus
449 2743 504 2819 est,
525 2763 620 2827 quem
642 2742 743 2807 voluit
764 2743 893 2829 ignotus
915 2742 1004 2807 illca
1023 2739 1160 2828 stephan

159 2845 348 2930 fignificatus
370 2843 478 2907 lexici
497 2843 646 2928 scriptor:
671 2867 766 2930 quern
790 2845 894 2910 locum
918 2845 939 2909 fi
962 2845 1029 2932 ipse
1047 2841 1158 2930 stepha

158 2967 219 3009 nus
233 2943 265 3009 in
283 2945 443 3009 Plutarchi
456 2958 610 3010 contextu
620 2946 752 3032 legillet‚
766 2946 810 3010 nil
825 2947 970 3033 prol'eelo
978 2939 1159 3013 dubitationi·

157 3046 366 3130 concepill'et:
393 3048 436 3110 est
454 3045 540 3109 euim
559 3048 741 3133 consumendi
761 3047 988 3137 depryiendique
1010 3048 1097 3113 notio
1113 3044 1160 3109 hot

157 3147 229 3214 loco
255 3172 319 3212 non
343 3149 395 3213 nib
418 3147 601 3213 secundaria
623 3163 657 3213 et
681 3148 834 3214 adscititia
857 3151 898 3214 ab
920 3150 1002 3236 ignis
1026 3146 1161 3214 efficacia:

158 3251 305 3338 princeps
324 3264 357 3316 et
378 3250 505 3339 propria
523 3251 566 3315 est
586 3251 723 3330 curandi,
746 3253 939 3336 campomastali,
957 3265 997 3316 ut
1009 3253 1163 3336 lappam

157 3354 244 3440 apud
263 3356 443 3420 Homerum
458 3352 548 3418 Iliad.
562 3357 601 3416 Ψ.
616 3353 691 3418 681.
719 3351 827 3437 Odyff.
840 3358 878 3414 Υ.
892 3368 969 3436 307.
1011 3353 1163 3421 caeterm

156 3471 338 3541 poetarum,
354 3478 489 3543 quorum
510 3453 639 3541 quidem
660 3451 800 3538 reliquiae
819 3453 950 3531 exstant,
970 3449 1164 3519 Archilocho!

157 3554 385 3638 antiquiffimus
407 3558 462 3636 eli,
476 3556 533 3644 qui
553 3555 632 3620 alios
653 3552 761 3632 etiaur,
782 3576 877 3638 quam
897 3556 1117 3634 Hexarnetroa
1128 3550 1165 3615 ic·

156 3655 237 3722 cerit
252 3657 367 3734 versus,
382 3657 561 3742 Elegiacos,
574 3655 743 3735 iambicos,
758 3655 962 3734 Trochaieos,
976 3657 1074 3723 alios:
1095 3657 1166 3721 lam·

156 3756 220 3822 bici
241 3755 370 3842 quidem
389 3754 555 3819 communi
568 3753 765 3840 antiquitatis
785 3755 935 3841 opinione
957 3755 1104 3822 inventor
1120 3753 1167 3819 ha·

155 3859 249 3931 betur
256 3881 266 3938 3
289 3876 389 3941 equa
410 3853 501 3916 flrrxit
521 3852 601 3916 illud
623 3854 748 3919 Horatii
770 3857 842 3918 Art.
864 3855 953 3919 Poet.
967 3873 1023 3943 79.
1041 3853 1171 3922 Ambila-

156 3960 241 4024 cbum
265 3956 383 4046 proprio
404 3953 501 4018 rabies
522 3956 654 4018 armavit
675 3957 780 4019 iambo.
825 3955 975 4043 Elegiaca
997 3959 1071 4025 lutat
1090 3977 1169 4025 com·

155 4062 248 4145 plura
272 4061 305 4125 in
325 4059 394 4148 ejus
414 4056 622 4145 fragmentis3
656 4081 722 4145 quo
747 4060 850 4144 magis
875 4082 963 4125 error
985 4061 1173 4128 convincitur

157 4183 280 4240 eorum,
295 4163 350 4248 qui
369 4161 603 4226 Mimnermum
620 4158 716 4246 hujus
737 4161 862 4245 generis
884 4161 1081 4229 inventorem
1101 4158 1172 4227 faci·

156 4276 229 4340 urat,
243 4263 360 4350 qnippe
375 4283 470 4347 quem
485 4257 556 4325 satis
576 4262 696 4326 constat
717 4261 829 4346 uiginti
850 4261 1094 4351 Olympiadibua
1112 4258 1173 4350 pull

360 4516 506 4576 A
