2684 5258
335 755 835 819 tunrcruumnumonu.
1052 770 1095 839 ⁴9

541 1104 572 1187 ξ.
590 1122 618 1169 1.

349 1248 402 1317 De
417 1248 630 1337 Dssribatmm
645 1252 803 1319 Materia.

106 1418 238 1487 Materia
261 1419 296 1484 in
321 1418 540 1487 distn‘butione
561 1422 704 1487 bifariam
727 1422 902 1509 speiiutur:
931 1424 981 1490 vel
1006 1436 1090 1491 tam·

71 1544 156 1608 quam
168 1524 330 1613 disputatio
343 1525 495 1604 universe,
514 1525 606 1614 cujus
618 1539 723 1613 partes
745 1528 922 1608 censentur,
938 1528 1090 1608 Exordio,

69 1622 271 1704 Tradatione,
287 1624 438 1713 Epilogo‚
450 1624 542 1690 aliis:
566 1626 616 1691 vel
631 1640 795 1713 tamquam
819 1628 883 1713 ipsa
900 1640 988 1692 met
1002 1652 1090 1715 qaa-

53 1724 105 1809 sto
116 1726 328 1815 disputationi
341 1729 508 1815 proposita,
525 1752 596 1816 quae
615 1728 658 1793 est
675 1730 823 1795 Educatio
836 1746 1005 1818 patronem.
1039 1732 1091 1797 De

60 1840 190 1915 utraque
204 1826 359 1916 deinceps
373 1827 545 1894 videamus.

97 1930 125 1994 1.
152 1928 390 2018 Disputationis
406 1944 513 2017 partes
526 1930 583 1996 suo
596 1954 732 2019 quaeque
745 1933 859 1998 habitu
873 1944 906 1998 et
918 1932 1017 1998 modo
1030 1932 1089 1999 ali-

54 2052 123 2095 enae
135 2030 214 2096 sunt
229 2053 251 2095 u
272 2029 433 2097 Plutarchi
446 2032 676 2097 consuetudine
690 2045 724 2097 et
742 2032 883 2118 ingenio.
922 2033 1090 2098 Exordium

52 2130 180 2195 brevius
201 2144 238 2196 et
251 2128 395 2219 jejunius
415 2154 513 2220 quam
535 2154 594 2220 pro
615 2132 661 2197 rei
681 2131 836 2219 gravitate
857 2146 892 2197 et
910 2146 1090 2215 momento,

53 2232 231 2319 presertim
261 2232 440 2321 principum
474 2233 735 2320 philosophorum
771 2233 890 2320 scn'ptis
923 2231 1090 2319 explicita.

55 2334 217 2400 Tradatio
239 2357 306 2399 non
324 2334 420 2401 habet
435 2350 556 2401 certam
571 2336 652 2401 viam
673 2350 707 2401 et
727 2336 902 2402 rationem:
927 2359 992 2401 non
1006 2324 1092 2402 adest

55 2434 207 2499 definitio
220 2436 265 2499 rei
277 2438 451 2523 propolitae,
475 2460 540 2502 non
563 2438 657 2502 status
672 2438 849 2525 questionis
863 2452 896 2503 et
909 2438 1091 2503 constitutio

55 2536 132 2615 loci,
151 2559 216 2601 non
232 2537 422 2623 lingularum
436 2537 576 2626 partium
591 2538 748 2626 majorum
770 2539 801 2603 in
820 2541 958 2605 minores
973 2540 1089 2620 divitie,

56 2658 122 2701 non
136 2637 170 2702 in
185 2637 384 2724 argumentis
399 2661 510 2718 nexus,
526 2662 589 2704 non
604 2640 637 2703 in
652 2638 801 2725 exemplis
816 2654 889 2727 apta
904 2664 979 2705 cum
993 2664 1090 2727 argu·

42 2738 175 2802 ¹mentiu
188 2739 425 2803 convenientia:
450 2740 581 2804 omnino
595 2739 760 2804 differendi
772 2740 851 2804 ratio
864 2753 897 2804 et
910 2743 1001 2826 copia
1016 2742 1090 2804 Plu·

57 2837 189 2902 tarchea
208 2838 305 2903 nulla.
348 2839 493 2926 Epilogus
507 2841 620 2919 brevis,
637 2839 785 2925 idemque
807 2860 881 2903 cum
904 2841 1091 2926 profeffione

56 2962 96 3004 ac
107 2939 315 3026 praeditiione
336 2938 539 3026 conjunttus,
555 2942 649 3028 plane
663 2939 811 3004 abhorret
829 2962 847 3001 a
862 2941 1091 3006 consuetudine

58 3040 240 3105 Plutarchi:
270 3041 328 3128 qui
351 3062 415 3105 non
437 3041 552 3122 subito,
578 3042 631 3106 sed
655 3041 775 3120 sensim,
799 3062 817 3104 a
840 3040 1027 3106 tractatione
1050 3041 1091 3106 nd

55 3141 293 3207 conclufionem
309 3142 458 3229 progredi
473 3143 561 3209 solet.

99 3244 145 3308 11.
168 3242 378 3308 Educationis
390 3256 494 3331 partes
509 3244 586 3309 facit
598 3256 743 3331 quatuor,
755 3244 871 3331 γένεσιν,
886 3249 994 3334 τροφὴν,
1009 3252 1088 3331 ἁγα-

53 3349 119 3428 γὴν,
142 3344 288 3408 παιδείαν.
325 3344 423 3408 Recte
437 3343 578 3430 quidem.
615 3344 679 3408 Sed
699 3345 730 3407 in
749 3345 786 3431 iis
801 3345 993 3432 explicandis
1007 3368 1089 3431 quo-

54 3444 156 3509 modo
177 3444 341 3531 versatur?
366 3444 569 3530 Singulorum
587 3444 649 3508 vim
672 3458 704 3509 et
727 3458 870 3510 naturam
894 3464 962 3510 nec‘
977 3447 1089 3511 defini-

56 3544 143 3609 cndo
160 3545 274 3631 aperit,
294 3567 354 3609 nec
373 3545 578 3610 describendo
593 3546 763 3632 fignificat:
787 3547 969 3612 earumdem
984 3562 1090 3633 partes

58 3660 117 3709 aut
132 3646 244 3727 nullae,
259 3659 314 3710 aut
332 3647 540 3733 pauciffimas‚
562 3662 672 3712 notat:
696 3648 760 3733 ipsa
773 3649 919 3714 traitatio
933 3671 1042 3712 earum
1057 3663 1091 3713 ct

56 3745 228 3833 explicatio
240 3747 337 3812 lerion
357 3770 453 3834 quam
467 3771 526 3837 pro
541 3748 675 3835 ipsarum
697 3749 836 3835 pondere
855 3772 892 3813 ae
912 3763 1089 3827 momento,

56 3864 91 3913 et
113 3869 174 3935 pro
197 3847 339 3913 doctrina
353 3849 424 3935 jam
446 3851 487 3914 ab
510 3850 647 3935 antiquis
668 3850 814 3934 exposita,
834 3870 929 3935 quam
951 3848 1003 3912 iste
1024 3871 1089 3915 non

57 3949 237 4036 cognoviffe
263 3949 398 4014 videtur.
444 3949 530 4037 Quid
552 3952 587 4014 fit
614 3954 727 4032 ἀγωγὴ,
751 3962 784 4012 et
807 3949 932 4034 qualem
955 3949 1090 4039 intelligi

57 4051 144 4130 velit,
167 4051 231 4136 ipse
255 4050 422 4137 ignoravit.
469 4052 575 4129 Porro,
596 4052 673 4114 fines
692 4049 832 4115 materie
847 4052 978 4117 minime
992 4057 1089 4141 cepit,

58 4153 112 4237 qni
133 4155 201 4241 περὶ
221 4153 332 4215 παίδων
346 4157 460 4237 ἀγωγῆς
478 4152 641 4239 proselitis,
657 4151 772 4218 deinde
788 4153 869 4241 Cap.
886 4155 959 4219 XV.
979 4158 1020 4218 iri
1042 4161 1090 4232 τὴν

56 4263 110 4317 ταῖν
121 4253 270 4343 μειρακίων
284 4253 393 4328 ἡλικίαν
407 4254 554 4317 transcat.
590 4255 746 4341 Amphora
765 4258 850 4341 coepit
867 4254 997 4340 irfiitui3
1021 4278 1089 4332 cur·

60 4367 137 4419 rente
149 4368 215 4419 rota
230 4378 285 4417 cur
298 4377 401 4417 urceus
416 4354 501 4417 exit?
524 4353 587 4418 Sed
602 4354 696 4419 semel
710 4354 749 4418 ad
765 4369 891 4419 aetatem
907 4353 1087 4418 adolescen-

60 4471 126 4533 tum
139 4454 360 4543 transgressus,
375 4476 471 4541 quare
486 4477 550 4521 non
569 4477 608 4518 eo
627 4455 700 4519 loco
719 4455 760 4520 dc
780 4454 986 4541 philosophice
1002 4455 1087 4519 insti-

61 4558 179 4623 tutione
194 4557 293 4644 egiti
315 4577 413 4643 quare
427 4556 509 4621 hanc
524 4570 635 4620 contra
649 4578 777 4621 ornnem
794 4557 1002 4640 Antiquitatis
1018 4582 1087 4623 rno-

61 4679 123 4723 rem
144 4657 297 4727 attibuit
323 4655 455 4747 puerit?
492 4659 544 4722 Est
569 4656 631 4723 boc
656 4658 800 4744 proieiio
828 4656 920 4747 ῧςεςον
944 4662 1087 4748 ωςίτερνν.

102 4780 186 4828 vot.
203 4781 261 4827 vr.
575 4778 596 4822 a
