2684 5258
35 400 38 405 ⁸
152 336 212 390 550
256 327 296 390 D.
306 328 358 385 W.
380 324 585 385 ANIMADV.
605 324 653 383 IN
673 321 906 383 PLUTARCHI
926 321 1000 382 LIB.
1019 324 1076 381 &o

155 492 207 557 De
229 491 332 575 priore
351 488 446 553 verbo
467 487 645 553 notavimus
666 485 705 550 ad
727 508 759 572 p.
774 505 829 568 42.
850 485 900 550 C:
923 485 1046 550 ibidem
1068 482 1168 548 citatus

157 589 310 678 Antyllus
324 614 375 677 ap.
391 591 480 655 Stob.
495 612 526 675 p.
542 609 561 673 5
564 611 616 673 50.
633 611 690 675 pro
704 589 890 666 καταιονῆσας
904 588 1013 672 posuit
1026 588 1167 663 καταπλῆ·

157 719 223 767 σας.
259 691 436 755 Athenaeus
451 693 478 753 l.
495 698 546 772 24.
562 692 609 753 D:
634 694 664 752 ἐκ
678 698 731 753 τῶν
747 694 822 752 κατὰ
840 695 961 767 κεφαλῆς
975 690 1166 765 manniam,

158 817 194 854 εκ·
218 790 426 878 pcfiglionibus
448 791 570 877 capitis:
603 812 697 876 quem
722 790 830 854 locum
853 789 996 874 reposuit
1017 789 1165 854 Suidasin

159 915 247 956 voce.
282 891 370 954 Philo
384 887 460 954 Jud.
472 893 524 954 De
540 889 737 955 Providentia
750 912 800 974 ap.
816 890 932 954 Euseb.
949 892 1051 976 Praep.
1066 893 1163 974 Erang.

159 991 251 1055 VIII.
274 1010 307 1072 p.
322 1007 363 1073 39
364 1002 396 1071 5.
412 989 462 1051 A:
485 991 589 1051 -ἀνθ’
603 987 698 1061 ὕδατος
712 989 798 1072 ἐλαίῳ
818 989 1039 1070 καταιονοιίμενοί
1050 1015 1113 1062 τινες
1126 997 1163 1050 τοι

159 1088 354 1172 ἀπειροκάλων,
368 1092 403 1162 εἷς
416 1086 545 1169 τοῦδαφος
560 1087 666 1173 ῥανίδας
680 1089 864 1169 magam.
896 1088 985 1152 Dion
1000 1090 1109 1176 Chrys.
1121 1089 1161 1152 01.

136 1183 138 1186 ¹
160 1186 268 1252 XVII.
282 1209 315 1273 p.
328 1188 401 1267 248.
413 1190 456 1253 B:
478 1195 516 1252 τοὶ
529 1197 595 1274 γοῦν
608 1189 813 1273 φλεγμαίνοντα
827 1199 881 1254 τῶν
897 1192 1035 1274 στομάτοιν
1047 1197 1092 1254 οὐκ
1104 1191 1161 1263 eiiii

160 1288 267 1353 ἐνέδωκε
288 1291 361 1376 πρὸς
380 1293 427 1367 τήν
444 1290 557 1376 πρώτην
579 1293 761 1369 καταιόνησιν,
783 1295 852 1353 ἀλλ’
865 1290 900 1354 dv
915 1301 1037 1377 συνεχῶς
1055 1298 1109 1376 ποιῇ
1124 1318 1160 1375 τις,

161 1387 538 1475 ίμαλᾶχθηκαξρᾅονέχκν.
573 1391 742 1453 LXXVII.
768 1411 800 1475 p.
820 1393 896 1475 653.
919 1391 970 1455 A:
997 1390 1158 1472 Aipa‘domi

161 1490 351 1576 Κροτωνιάτης
368 1493 507 1576 (Δαρεῖον)
524 1488 764 1552 -καταπλοίτίαι
779 1491 827 1552 καί
841 1493 984 1553 κοίίαιονῶν
998 1493 1043 1553 καί
1056 1496 1091 1553 τοὶ
1101 1490 1159 1552 ἄλλα

162 1592 344 1671 ἐπιμεληθείς,
358 1593 389 1652 δι’
403 1590 504 1674 ὀλίγων
518 1597 619 1676 ἡμερῶν
633 1595 695 1673 ίγιῆ
711 1591 840 1667 ἀπέδειξε.
875 1591 1056 1656 Demodoci
1069 1611 1156 1654 nomen

163 1691 270 1755 notius
282 1705 348 1756 erat
362 1715 379 1755 e
393 1692 626 1756 Socraticorum
639 1690 774 1755 lediione
788 1692 900 1770 Dioni,
917 1715 1015 1778 quam
1027 1696 1157 1758 Democr-

162 1792 223 1872 dis,
240 1806 277 1857 ut
290 1794 332 1856 est
346 1792 379 1856 in
391 1793 518 1857 audiore
532 1792 699 1856 Herodoto
712 1795 772 1856 Ill.
788 1813 858 1878 130.
875 1793 933 1859 ubi
946 1795 1017 1860 haec
1031 1797 1096 1859 sane
1107 1793 1158 1856 loco

162 1892 305 1976 praesenti
320 1892 513 1957 conveniunt
524 1893 634 1968 -ἤπια
647 1898 720 1973 μετὰ
733 1898 770 1955 τοὶ
787 1898 872 1979 ίχυροὶ
891 1896 1058 1981 προσάγων,
1072 1894 1128 1958 im
1138 1889 1159 1952 τί

162 2017 208 2071 μιν
230 1993 384 2076 λαγχάνειν
405 1992 500 2069 ἐποίεε,
524 1993 571 2054 καί
594 1996 620 2057 ἐν
639 1992 731 2079 χρόνῳ
753 1994 839 2079 ὀλίγῳ
859 1994 941 2079 ὑγιέα
962 2023 1009 2077 μιν
1026 1996 1098 2059 ἐόντα
1108 1992 1159 2057 oiri·

161 2096 237 2168 dags.
265 2091 426 2155 Lucianus
441 2092 472 2156 in
487 2093 671 2178 Lexiphane
687 2096 724 2159 T.
737 2097 782 2157 ΙΙ.
798 2119 830 2182 p.
840 2100 915 2182 328.
931 2098 1039 2179 habet,
1053 2098 1160 2162 sednon

162 2207 199 2256 ut
220 2192 374 2279 ejusmodi
388 2194 474 2281 quod
489 2195 614 2259 ridiculi
628 2197 729 2261 caussa
747 2213 857 2284 ponat.
895 2201 973 2263 Alia
986 2215 1122 2287 petantur
1131 2196 1161 2260 ab

162 2294 208 2359 H.
225 2295 388 2381 Stephano
409 2297 503 2361 Thes.
518 2299 557 2360 L.
573 2299 631 2361 Gr.
646 2299 686 2363 Τ.
703 2301 728 2362 l.
750 2322 782 2385 p.
799 2317 875 2385 1793
899 2315 933 2365 et
947 2303 1009 2366 Th.
1025 2301 1162 2367 Gatakero

163 2396 205 2459 ad
228 2397 278 2460 M.
300 2398 457 2462 Antonin.
476 2401 517 2462 V.
540 2421 572 2484 9.
595 2420 628 2483 p.
654 2413 735 2482 151:
765 2403 797 2465 J.
823 2401 969 2466 Piersono
994 2402 1034 2466 ad
1056 2396 1162 2466 Moerid.

206 2613 258 2678 74.
274 2599 318 2661 D.
347 2599 547 2686 ἀποτρέχων]
573 2600 716 2663 Dudum
731 2623 748 2664 e
763 2603 949 2687 proverbiali
970 2605 1101 2670 didione
1118 2603 1161 2679 βο·

92 2731 95 2739 ·
163 2697 248 2759 λίντα
261 2699 408 2781 ἐκφεύγειν,
424 2699 516 2783 emiffir
533 2697 588 2762 telo
602 2699 768 2785 aufugere:
792 2702 878 2787 quod
893 2704 1069 2768 notavimus
1088 2701 1121 2765 ad
1137 2720 1162 2783 p.

136 2879 139 2884 „
162 2801 237 2883 548.
252 2801 290 2863 Β.
328 2803 378 2864 De
394 2804 460 2864 Ser.
478 2803 579 2864 Num.
595 2804 692 2866 Vind.
708 2804 855 2868 editionis
871 2806 1032 2892 singularis
1045 2830 1076 2893 p.
1087 2807 1114 2869 6.

207 2919 259 2981 74.
272 2901 316 2963 D.
338 2899 495 2986 διαχέασα]
522 2901 708 2988 diffundunt,
723 2904 867 2969 mulcent:
890 2907 1084 2993 exposuimus
1096 2903 1163 2969 verbi

162 2998 225 3062 vim
241 2999 280 3062 ad
299 3021 332 3085 p.
346 3003 421 3084 564.
436 3002 474 3065 B.
510 3004 562 3066 De
577 3005 644 3067 Ser.
661 3007 763 3070 Nurn.
776 3008 874 3072 Vind.
890 3009 1035 3074 editionis
1050 3008 1162 3096 singula·

163 3120 206 3164 ris
219 3120 252 3185 p.
268 3119 338 3185 103.

209 3216 260 3281 74.
271 3200 309 3263 E.
332 3199 523 3274 ἐπιλεαίνοντες
537 3202 583 3263 καί
598 3210 754 3293 γανοῦντες]
780 3207 831 3273 De
855 3207 910 3274 illo
934 3208 1065 3274 diximus
1084 3206 1119 3272 ad
1136 3226 1162 3290 p.

166 3303 218 3384 67.
235 3302 280 3364 B:
304 3301 344 3366 de
359 3301 433 3382 hoc,
448 3324 481 3390 p.
493 3321 547 3383 42.
559 3304 597 3368 B.
617 3305 672 3385 48.
686 3307 724 3370 C.
799 3356 804 3367 .
