2684 5258
166 368 173 382 =
254 341 293 399 ⁵6
337 326 544 399 ANIMADV.
557 336 606 396 IN
620 336 692 395 LlB.
704 335 759 395 DE
772 334 946 398 EDUCAT.
959 335 1196 397 PUERORUM.

667 671 786 736 CAP.
819 672 864 734 ll.

257 817 306 882 De
331 818 486 884 Verborum
509 817 723 904 Nominumque
734 815 967 903 fignificatione,
990 813 1198 903 compefitionq
1211 811 1289 899 for·

565 922 569 929 ¹
618 919 718 998 naulis,
735 918 918 984 didionibus.

299 1103 413 1169 Altera
426 1104 576 1170 orationis
591 1127 663 1191 pars
677 1128 742 1169 non
763 1106 795 1169 in
816 1106 887 1192 ipsis
902 1126 957 1190 per
977 1104 1007 1169 se
1020 1103 1094 1167 solis
1109 1102 1213 1167 verbis
1228 1124 1292 1167 no·

258 1204 469 1290 minibusque,
484 1206 537 1269 sed
552 1206 584 1269 in
599 1229 709 1270 eorum
724 1220 757 1270 et
771 1207 995 1292 significatione
1010 1218 1043 1269 et
1059 1205 1141 1268 inter
1162 1204 1193 1268 se
1207 1225 1291 1268 con·

252 1306 434 1393 jundlione‚
450 1307 540 1371 idest
555 1308 699 1372 formulis
712 1330 750 1372 ac
764 1307 968 1385 dictionibus,
983 1306 1134 1371 cernitur.
1178 1305 1293 1391 Atque

259 1407 323 1472 hoc
338 1408 370 1472 in
385 1409 457 1473 loco
471 1408 572 1472 multa
586 1432 661 1474 cum
680 1431 775 1496 prava
794 1422 827 1474 et
847 1410 952 1473 minus
967 1410 1077 1494 proba,
1093 1419 1165 1471 tum
1179 1412 1198 1471 a
1213 1405 1292 1472 Plu·

259 1510 361 1574 tarchi
378 1510 444 1575 slilo
458 1512 571 1587 aliena,
587 1511 790 1597 reperiemus.
836 1511 1023 1576 Plutarchus
1038 1509 1134 1573 habet
1149 1508 1203 1574 ille
1216 1509 1292 1597 qui-

259 1610 334 1676 dem
356 1610 487 1676 subinde
510 1613 624 1676 rariora
648 1636 667 1676 a
688 1613 809 1699 vulgari
828 1613 886 1676 usu
908 1625 1029 1676 remota
1050 1610 1215 1686 vocabula,
1239 1609 1294 1674 sed

260 1734 325 1776 non
340 1726 378 1776 ut
398 1735 435 1776 ea
456 1712 588 1778 studiose
603 1727 733 1799 quaerat,
751 1714 801 1778 sed
824 1727 860 1776 ut
875 1735 931 1798 per
946 1711 1131 1797 multiplicis
1144 1710 1293 1774 ledionis

260 1812 474 1900 dostrinaeque
488 1813 716 1877 abundantiam
738 1815 845 1878 oblata
866 1812 1011 1900 accipiat,
1027 1825 1059 1875 et
1073 1811 1114 1875 ad
1127 1809 1294 1875 sententiae

261 1915 323 1979 suae
338 1914 400 1977 vim
415 1913 648 2001 efficaciamque
663 1914 903 1993 accommodet;
926 1911 1227 1998 eamdem-sequitur
1242 1933 1293 1975 ra-

260 2014 382 2077 tionem
398 2035 435 2075 ac
450 2014 651 2097 prudentiam
673 2013 705 2077 in
728 2013 872 2077 sonnulis
890 2037 927 2078 ac
942 2013 1145 2079 didionibus.
1182 2011 1295 2098 Scrip-

262 2128 314 2179 tor
331 2113 430 2178 libelli
449 2113 544 2199 hujus
564 2114 596 2177 in
611 2114 661 2177 his
679 2114 828 2178 orationis
843 2114 985 2201 partibus
1004 2114 1069 2178 sere
1090 2115 1153 2178 sme
1166 2112 1297 2201 judicio

262 2213 460 2300 exquisitiora
478 2234 613 2301 quaeque
635 2228 668 2278 et
689 2216 828 2301 argutias
848 2215 1054 2279 consectatur.
1099 2212 1299 2301 Hujusmodi

262 2317 354 2382 sunt:

308 2422 342 2484 P.
358 2440 387 2483 1.
405 2419 452 2483 C:
475 2419 677 2506 μεγαλαυχίας
700 2420 883 2501 {perlatorem
904 2448 925 2505 23
949 2420 1146 2506 φρυάγματοςι
1174 2418 1299 2504 postre-

262 2544 354 2601 mnm
378 2522 440 2586 hoc
462 2521 594 2607 arripuit
615 2535 652 2586 ut
674 2520 836 2585 sonantius
853 2535 887 2584 et
910 2520 1063 2596 ornatius,
1085 2541 1143 2605 pro
1163 2520 1300 2607 simplici

263 2622 319 2688 illo
332 2624 507 2709 φρονήματος,
524 2622 610 2708 quod
626 2622 726 2701 Plat0,
743 2643 838 2706 quem
853 2620 970 2685 imitari
985 2620 1047 2685 hoc
1069 2619 1142 2684 loco
1159 2620 1299 2704 videtur,

263 2723 378 2809 aliique
393 2725 608 2808 frequentant.

308 2822 391 2888 lbid.
405 2821 458 2887 D:
481 2829 581 2908 μικρὰν
599 2823 630 2884 τὸ
649 2822 786 2907 psychae:
811 2824 963 2909 nusquam
983 2823 1061 2887 dixit
1085 2823 1298 2888 Plutarchus:

264 2924 488 2988 Herodoteum
509 2927 563 3004 est,
587 2925 723 3011 indeque
743 2926 905 3013 sophistis,
926 2928 1063 2991 maxime
1081 2927 1212 2990 AEliano
1232 2927 1299 2992 sre-

265 3038 467 3111 quentatum.
515 3026 702 3092 Plutarchus
723 3029 791 3094 Vit.
807 3028 925 3117 Agesrl.
947 3053 980 3116 p.
995 3031 1070 3116 596.
1087 3033 1121 3094 P.
1146 3028 1229 3094 dixit
1247 3057 1300 3112 με·

267 3130 334 3212 κρὰν
347 3127 387 3192 de
401 3126 461 3193 hac
475 3128 552 3213 ipsa.

165 3229 169 3236 “
310 3229 344 3292 Ρ.
359 3248 390 3296 2.
407 3231 441 3294 F.
470 3229 629 3315 Repetitio
644 3229 784 3316 ejusdem
800 3231 909 3295 sormae
930 3231 986 3310 Kal
999 3231 1028 3295 τί
1040 3235 1076 3295 δεῖ
1090 3234 1115 3294 τ’
1129 3230 1300 3298 mauseu-

266 3330 370 3412 μάζειν·
395 3345 426 3394 et
447 3353 532 3408 mox,
555 3329 612 3411 Kal
629 3330 658 3393 τί
677 3332 712 3393 δεῖ
729 3334 767 3395 τὰ
785 3336 888 3395 meatui
902 3331 1004 3416 λέγων,
1026 3355 1044 3396 e
1065 3335 1208 3417 perverso
1231 3333 1300 3399 ele-

266 3429 447 3516 gantiarum
471 3431 570 3496 studio
587 3431 748 3517 profedla.
784 3430 837 3494 Ad
853 3431 914 3494 hoc
928 3454 1032 3518 genus
1045 3432 1209 3495 referenda
1224 3434 1301 3499 sunt

267 3544 376 3594 notata
399 3533 489 3616 supra
513 3536 593 3597 Part.
612 3535 638 3596 l.
664 3533 745 3618 Cap.
759 3533 804 3595 ΙΙ.
828 3535 856 3617 ξ.
873 3550 891 3598 2
902 3557 912 3615 ς
936 3555 1047 3598 necea
1068 3555 1154 3603 nunc
1169 3547 1298 3620 repete·

269 3652 352 3695 mus.
1279 3649 1282 3654 ·

312 3735 345 3797 P.
359 3752 391 3817 3.
407 3735 457 3797 A:
481 3738 552 3820 πρὸς
571 3741 665 3820 ἀρετῆς
685 3737 794 3812 adnare:
820 3736 976 3820 ineptum,
993 3747 1030 3797 ut
1044 3733 1170 3798 doslius
1184 3735 1299 3821 exqui-

268 3834 412 3920 srtiulque
437 3834 628 3919 susceptum,
655 3857 712 3919 pro
735 3836 865 3921 simplici
887 3838 958 3920 πρὸς
982 3840 1077 3921 ἀρετῆς
1101 3841 1215 3911 ariete:
1242 3837 1298 3900 nist

268 3935 351 3999 sorte
370 3937 413 3999 ita
432 3934 547 4019 scripfit
567 3935 695 3997 audlor:
720 3936 772 3999 sed
792 3935 917 3999 difficile
938 3935 979 3997 est
996 3935 1140 4021 judicare
1160 3936 1193 4000 in
1213 3936 1296 4023 ejus·

270 4034 357 4097 modi
379 4034 557 4120 scriptione,
578 4033 664 4119 quod
688 4035 796 4099 vitium
819 4034 952 4113 austeri,
968 4035 1054 4120 qnod
1076 4036 1214 4117 librario,
1238 4037 1294 4100 tri·

268 4134 414 4198 buamus.

313 4235 347 4296 P.
359 4249 392 4316 5.
407 4235 448 4299 C.
472 4240 484 4298 ὁ
499 4237 589 4309 πολὺς
602 4240 713 4311 maritos
727 4238 825 4312 σκοπὸς
840 4236 956 4316 interm
975 4241 1028 4314 τοῖς
1043 4238 1204 4322 dehaustam
1218 4241 1295 4320 βαλ-
