2684 5258
259 735 316 797 on
335 734 560 794 aunrnunrs
582 736 727 796 nonus.
747 744 835 812 pro.
850 737 888 795 n.
1029 747 1087 797 211
1190 694 1196 703 ’

135 896 162 960 is
186 897 327 985 partibus
341 897 441 984 fidem
463 897 626 963 extollunt:
657 899 701 962 est
727 898 826 964 didio
849 897 943 985 plane
965 897 1088 963 Plutar-

135 998 292 1064 eformae.
329 1000 503 1079 Cruserius,
525 999 645 1085 dffdia
667 1013 771 1064 mutua
790 1012 945 1088 poetarum
966 999 1090 1065 invicem

135 1101 256 1188 redsa
278 1102 483 1165 retrahentia:
510 1124 576 1166 non
599 1101 672 1166 satis
694 1102 833 1166 attendit
854 1100 1087 1188 irrrarapipeaor,

135 1200 153 1265 d
170 1201 304 1267 refertur
325 1202 367 1267 ad
384 1204 538 1280 ἀνδολκῆνι
562 1203 617 1267 ubi
631 1203 717 1267 enim
734 1203 944 1290 repugnantia
965 1207 1089 1267 ἀπανα-

135 1307 200 1382 rrlp
217 1303 312 1382 wlfrr,
333 1303 377 1368 ibi
390 1302 475 1389 fides
498 1315 648 1391 tamquam
670 1304 703 1367 irr
724 1304 841 1368 meliora
861 1304 975 1392 pariete
997 1305 1089 1370 navis

135 1404 184 1491 rgir
200 1418 230 1469 et
249 1405 396 1494 affingit:
423 1420 549 1491 poterat
568 1406 671 1493 magis
697 1406 837 1495 proprie,
860 1419 1010 1494 pactarum
1035 1431 1086 1470 re-

135 1509 233 1574 mia
246 1510 325 1573 inter
342 1509 416 1597 ipsos
424 1510 525 1596 fidem
538 1523 669 1598 equam.
709 1511 845 1576 Codices
866 1512 1084 1594 consentiunt3
1165 1536 1170 1545 ¹

145 1610 220 1697 quod
237 1610 385 1697 Exempl.
404 1615 502 1676 Turn.
523 1612 619 1676 habet
632 1606 801 1700 diapiparou
813 1625 847 1677 et
860 1618 1083 1700 dnaparpticar:

135 1708 155 1775 3.
164 1712 272 1792 ποίησιν
285 1734 344 1799 pro
354 1712 448 1787 arl5rr.
482 1713 546 1778 Sed
558 1714 686 1801 vulgata
699 1717 833 1800 prestat,
848 1714 1000 1800 liquidem
1013 1721 1084 1778 ἀνα·

135 1827 267 1878 rneutm
281 1814 324 1877 est
339 1837 492 1901 mergere,
505 1827 539 1878 et
552 1815 663 1894 adiive,
679 1814 778 1879 tollere
792 1816 867 1902 quid
879 1839 914 1877 cx
925 1813 1084 1900 profando.

135 1913 217 1980 ethic
230 1915 327 1980 etiam
341 1916 431 1980 notio
446 1916 604 1994 natandi,
615 1917 777 2000 servandi,
793 1915 949 2000 referendi,
965 1915 1083 1981 adira:

135 2014 202 2103 llpp.
227 2018 315 2082 Mor.
337 2038 369 2102 p.
384 2037 458 2101 443.
474 2016 516 2080 A.
539 2032 613 2100 477.
628 2018 666 2079 B.
693 2036 768 2100 559.
785 2017 825 2079 C.
867 2015 1028 2080 Publicola
1050 2038 1083 2102 p.

135 2116 186 2182 ,Β
212 2118 356 2182 Verbum
371 2117 432 2180 fine
446 2118 592 2202 exemplo
605 2115 741 2201 pofitum
754 2116 794 2179 ab
809 2115 854 2178 H.
868 2114 980 2201 Steph.
990 2116 1082 2180 Thes.

135 2216 172 2282 lt.
185 2216 288 2282 ludio.
311 2239 344 2302 p.
359 2232 433 2301 457.
446 2218 488 2279 A.
512 2217 574 2280 hoc
588 2237 653 2280 uno
670 2214 829 2279 Plutarchi
843 2215 989 2303 exemplo
1003 2237 1084 2281 con-

135 2319 192 2384 !rlt
202 2320 289 2384 Dan.
305 2320 434 2382 Scottus
450 2320 481 2381 in
497 2317 696 2403 Appendice.

135 2422 204 2489 nl).
226 2421 334 2501 Πόλλᾈ
347 2419 369 2483 ὦ
381 2420 526 2505 elevor-4
553 2421 689 2486 Priorem
704 2421 826 2484 versum
841 2420 920 2485 citat
934 2443 972 2484 ex
986 2421 1081 2485 Euri-

135 2522 316 2588 rArchelao
330 2524 468 2587 tustinus
486 2525 610 2610 Martyr
630 2523 670 2586 de
686 2522 875 2586 Monarchia
896 2545 928 2608 p.
944 2525 1015 2587 108.
1032 2524 1081 2589 C:

135 2643 192 2689 mm
206 2622 384 2708 impliciter
398 2622 554 2709 Euripidis
576 2624 705 2687 nomine
723 2638 879 2688 memorat
895 2624 1082 2688 Plutarchus

135 2724 214 2789 leole.
229 2727 373 2810 Repugn.
389 2747 422 2810 p.
439 2744 529 2810 1049.
542 2728 579 2788 E.
616 2727 798 2808 Utrumque
813 2723 906 2786 vertit
920 2746 956 2785 ac
971 2725 1082 2788 rotulit

136 2824 259 2890 Grotius
279 2827 312 2890 in
339 2827 487 2910 Excerpt.
513 2846 544 2909 p.
565 2841 605 2910 37
608 2840 639 2909 5.
682 2821 781 2911 Apud
805 2823 1021 2910 Musgravium
1048 2824 1082 2889 iu

135 2947 186 3011 pn.
199 2926 306 3014 Eurip.
320 2929 359 2990 T.
371 2928 432 2989 lll.
447 2948 480 3011 p.
491 2943 565 3010 552.

135 3047 152 3092 r.
166 3028 209 3093 D.
231 3034 344 3116 Χςνσοῦ
366 3054 398 3090 σε
420 3029 581 3112 valta-q
616 3025 764 3090 Alterum
793 3025 909 3090 horum
937 3025 1081 3090 versuum

135 3131 316 3194 ostobaeus
330 3131 430 3193 Serm.
444 3129 534 3194 XCl.
555 3152 587 3214 p.
600 3145 674 3212 507.
696 3127 799 3191 Σκαιὸν
812 3131 844 3190 τὸ
856 3142 907 3192 rm.
921 3127 1082 3213 praemiflis

135 3231 273 3316 pluribus
289 3251 329 3295 ex
352 3231 503 3317 Euripide
523 3230 612 3308 locis,
633 3244 665 3293 et
686 3229 831 3314 proximo
849 3228 987 3294 efabula
1000 3230 1080 3296 Dic-

149 3346 219 3398 tum
243 3332 297 3396 hic
319 3332 492 3418 subjicitur,
516 3331 640 3416 adjecto
662 3331 702 3394 ad
725 3331 900 3417 marginem
919 3338 966 3395 τοῦ
987 3336 1079 3398 αὐτοῦ.

135 3456 165 3499 re
188 3435 234 3498 ita
255 3433 354 3498 edidit
377 3433 520 3511 Grotius,
539 3446 710 3518 utrumque
730 3449 767 3498 ut
786 3433 923 3498 alternos
944 3435 1080 3500 interro-

135 3535 207 3600 ioet
221 3533 450 3620 respondentis,
468 3533 614 3619 Florileg.
630 3536 719 3599 Stob.
735 3556 767 3620 p.
779 3551 855 3619 377.
876 3557 916 3600 ex
930 3535 992 3600 hoc
1006 3537 1079 3622 qui-

150 3637 311 3704 Plutarohl
330 3635 415 3716 loco,
430 3636 483 3700 sed
498 3636 601 3722 priore
615 3637 704 3700 versu
716 3635 799 3699 τέσὸε
813 3650 941 3701 mutans
955 3637 986 3700 in
1001 3641 1064 3699 τοῖσ

135 3757 292 3824 perperam
306 3735 435 3823 quidem
454 3752 487 3801 et
505 3759 524 3800 a
542 3737 630 3801 sensu
649 3750 753 3822 poetae
772 3737 930 3814 aberrans,
952 3750 989 3798 ut
1009 3758 1081 3802 vere

135 3836 431 3917 nitValckenarius,
445 3836 582 3902 Diatrib.
597 3837 706 3920 Eurip.
723 3839 847 3920 Fragm.
863 3856 896 3920 p.
911 3835 984 3900 228.
1016 3836 1080 3901 Sed

135 3942 216 4008 rcfluo
230 3942 373 4032 proxime
384 3941 598 4007 antecedentis
614 3941 645 4004 in
661 3939 790 4004 Stobaeo
803 3938 865 4004 loci
878 3938 1079 4027 inscriptione

135 4041 215 4124 mn,
238 4044 299 4108 hos
320 4042 353 4107 in
374 4046 564 4130 Fragmenta
577 4065 616 4106 ex
635 4042 751 4128 Dietye
766 4042 874 4110 retulit
882 4068 898 4106 :-
914 4055 947 4106 at
963 4043 1079 4108 reclino

135 4142 218 4235 grav.
233 4145 318 4210 inter
337 4148 526 4236 Fragmenta
547 4146 741 4210 incertorum
763 4148 953 4211 Dramatum
975 4143 1080 4230 poluit

135 4244 175 4312 v.
200 4246 327 4313 Similes
342 4246 414 4312 sunt
426 4246 566 4332 ejusdcm
579 4247 705 4335 Tragici
719 4249 881 4314 sententiae
893 4275 907 4336 z·
924 4271 962 4314 ex
977 4247 1078 4311 Phae·

135 4356 171 4412 lte
183 4349 270 4435 apud
285 4348 376 4413 Stob.
390 4346 469 4415 ibid.

181 4447 273 4512 Aoede
285 4473 333 4531 γε,
346 4450 403 4521 τοῖς
415 4453 547 4514 annau
561 4451 628 4510 τὲτο
642 4448 662 4508 δ’
678 4445 803 4532 inperce,

181 4548 326 4616 imolen
341 4548 416 4627 elror·

135 4667 187 4717 lex
196 4649 365 4732 Alcmena,
380 4648 518 4716 ibidem:

566 4769 585 4813 Ρ
600 4767 619 4820 2
