2684 5258
135 1238 456 1339 DANIELIS
499 1245 1075 1341 IVYTTENBACHII

294 1565 901 1649 ANIMADVERSIONES

224 1872 296 1966 IN
318 1871 697 1968 PLUTARCHI
723 1873 974 1968 LIBRUM

137 2188 187 2259 DE
202 2195 522 2262 DISCERNENDO
543 2197 817 2263 ADULATOIIE
837 2199 896 2263 AB
917 2199 1078 2264 AMICO.
1100 2252 1105 2266 .

510 2478 690 2511 -—*—

135 2658 157 2772 ι).
168 2713 214 2794 48.
229 2716 269 2777 Ε.
298 2713 389 2777 ΠΩΣ
407 2718 465 2776 AN
485 2713 554 2776 ΤῘΣ
577 2717 816 2776 ΔΙΑΚΡΙΝΕΙΕ
834 2719 920 2777 TON
942 2721 1112 2780 h'OAAKh

135 2814 179 2878 ῸῬ
197 2821 350 2901 hilion]
389 2820 468 2881 Haec
495 2819 538 2880 est
564 2816 725 2901 inscriptio
749 2816 897 2880 codicum
918 2818 982 2880 fere
1005 2819 1111 2880 onmi-

135 2932 168 2994 m,
179 2921 362 3004 quibuscum
384 2917 586 2982 consentiunt
607 2920 740 3002 Sopater
758 2917 842 3003 apud
866 2916 1013 2981 I'hotium
1029 2918 1112 2981 Cod.

135 3014 208 3085 ILXI.
233 3044 266 3107 p.
281 3041 356 3106 341.
375 3041 426 3086 22.
468 3018 628 3084 Macarius
652 3018 923 3106 Chrysocephalas
947 3017 978 3081 in
1004 3021 1113 3096 Aneo-

135 3121 180 3185 rtis
197 3123 317 3188 Graecis
335 3122 499 3186 Villoisoni
522 3121 596 3186 Vol.
614 3123 657 3184 II.
679 3143 711 3207 p.
730 3140 788 3184 10:
811 3120 951 3184 Thomas
965 3121 1116 3207 Magister

135 3230 273 3292 Ivocibus
295 3227 420 3314 λαμυρία
441 3241 473 3290 et
494 3226 701 3313 ὑποκοςῖζομωε
726 3226 812 3301 hunc
832 3225 947 3289 librum
969 3224 1114 3290 citantem

135 3321 174 3390 Ion
186 3329 236 3393 nifi
253 3330 318 3393 duo
332 3329 422 3392 aliter
437 3327 555 3392 habent
570 3326 708 3390 Vulcob.
724 3340 756 3390 ct
771 3329 886 3391 Venet.
909 3327 975 3413 περ)
990 3329 1116 3414 διαφορᾶς

135 3418 199 3514 heri
218 3429 348 3503 κόλακος.
380 3432 416 3492 In
438 3427 594 3513 LemprIae
617 3427 785 3512 catalogo,
803 3435 867 3500 πῶς
888 3427 1053 3514 διακρίνομεν
1069 3435 1117 3490 τοῦ

135 3520 167 3589 he
184 3533 227 3594 τὸν
248 3532 371 3606 κόλακα,
393 3532 495 3592 Num.
513 3530 732 3592 LXXXVIII.
776 3530 826 3591 De
846 3528 907 3591 hoc
928 3542 1117 3612 argumento

135 3624 217 3694 detur
229 3632 319 3695 suiffe
332 3629 538 3715 Theophrasti
551 3629 630 3692 liber
643 3629 711 3714 orgi
727 3627 883 3704 κολακείας,
898 3628 1013 3691 citatus
1034 3629 1116 3693 Dio-

135 3728 176 3791 mi
189 3731 313 3795 laertio
327 3733 368 3794 V.
384 3746 445 3812 47:
474 3752 547 3792 nam
563 3729 594 3793 in
611 3729 749 3815 ejusdcm
766 3727 1007 3792 Charaeierihns
1020 3744 1118 3813 caput

135 3831 170 3912 ‘gi
190 3830 346 3908 κυλακεὶας,
372 3828 543 3894 adulatoris
567 3829 663 3893 habet
687 3828 870 3914 Imaginem,
893 3848 957 3889 non
987 3827 1053 3913 rjus
1076 3829 1118 3891 ab

135 3929 201 3994 nico
225 3931 445 3995 diverfitatem.
492 3930 586 3993 Porro
615 3931 711 3993 exstat
740 3928 771 3991 in
804 3927 923 3991 Stobaei
952 3928 1119 4015 Florilegio

135 4040 211 4094 brmo
225 4033 316 4094 XIV.
337 4032 406 4116 orgi
429 4029 584 4103 κολακείας.
621 4029 743 4113 Attig’n
764 4027 852 4091 hunc
871 4026 978 4091 locum
1000 4031 1121 4093 Seneca

135 4127 196 4206 pist.
212 4132 369 4195 CXXIII.
386 4133 487 4194 XLV.
504 4132 591 4194 LIX.
623 4131 740 4217 Quaest.
756 4131 832 4194 Nat.
847 4131 903 4193 IV.
922 4130 1043 4194 Praesat.
1057 4133 1120 4195 Be-

135 4228 261 4297 anovi.
275 4253 330 4318 30.
357 4232 531 4317 Tranquill.
547 4231 657 4296 Animi
674 4251 702 4293 1.
719 4233 791 4296 h'ne.
829 4233 870 4296 Et
885 4254 1020 4317 magnus
1033 4231 1120 4295 ride-

135 4342 163 4388 lr
179 4332 248 4397 hnic
265 4334 428 4420 quaehioni
441 4333 531 4398 Iocus
545 4332 632 4396 foisse
649 4330 681 4395 in
705 4332 966 4418 Philosophorum
982 4335 1018 4394 de
1030 4333 1120 4396 Ami-

135 4428 178 4492 tia
191 4434 468 4521 disputationibus:
491 4447 524 4498 et
538 4456 611 4498 vero
625 4434 721 4497 etiarn
740 4435 909 4519 hnguiares
924 4434 963 4495 do
983 4434 1043 4497 hac
1059 4435 1122 4519 iph

135 4529 375 4618 =dispuntiones
390 4535 538 4597 suerunt:
561 4531 658 4595 veluti
680 4532 840 4617 hodieque
860 4532 993 4616 superest
1015 4535 1122 4597 hInxi·

135 4621 158 4689 II
170 4630 246 4718 Tyrii
259 4634 442 4703 Dissertatio
459 4636 534 4700 XX.
557 4632 622 4698 Tin
635 4632 771 4719 χωςιςέον
784 4634 829 4696 τὸν
843 4632 954 4696 κόλακα
974 4641 1022 4697 τοῦ
1044 4637 1122 4717 φίλε.
