2684 5258
269 729 325 792 nr
336 729 522 791 Discern.
535 730 657 790 unua.
671 729 880 792 mamea
894 738 979 808 pm.
987 730 1023 792 a.
1102 730 1163 806 sm

135 893 291 982 itiatmque
314 894 429 958 dicemli
449 895 546 957 eodem
564 893 596 956 iu
614 892 673 958 loca
694 894 806 980 vesperi
817 893 967 980 faciebat,
987 906 1077 984 atque
1097 918 1168 959 eum·

135 999 240 1061 ἰλιιὸν
268 995 423 1080 meplnaroe
449 992 634 1082 appellabat,
662 995 747 1058 illum
771 994 896 1058 altenem
909 998 1009 1083 stupra
1033 997 1138 1060 ἑωθινόν
1149 1021 1167 1059 ι·

135 1110 254 1185 deoque
267 1097 343 1160 enim
358 1108 481 1182 tempore
499 1095 655 1160 ambulans
668 1097 835 1182 differebat.
871 1098 1018 1161 Aliorum
1040 1098 1102 1162 hac
1120 1096 1163 1160 de

135 1196 313 1262 lifferentia
332 1197 553 1262 annotationes
575 1198 818 1262 memoravimus
840 1199 873 1262 in
893 1197 1061 1284 Praeceptis
1084 1196 1166 1263 Phi·

135 1294 286 1381 osophiae
307 1288 436 1381 Iagicae
460 1296 523 1359 111.
542 1316 569 1358 r.
586 1319 616 1380 9.
652 1296 816 1383 Diogenes
835 1297 981 1361 Laertius
1001 1297 1033 1361 in
1052 1297 1161 1371 Theo·

135 1396 248 1483 phrasti
262 1395 383 1482 scriptis
395 1397 438 1459 V.
454 1398 507 1476 46.
530 1397 671 1460 recenset
685 1404 825 1477 Δειλινῶν,
845 1385 925 1479 ist]
945 1400 976 1463 in
999 1421 1065 1485 quo
1087 1398 1161 1462 sub-

135 1495 329 1563 audiendum
350 1497 512 1580 mambrae
531 1495 581 1560 vel
603 1495 754 1584 ὃιατςιὸῶι·
788 1522 852 1563 non
875 1515 1088 1564 memoratum
1110 1501 1161 1564 in·

135 1597 324 1683 terpretibus
340 1618 399 1663 nec
420 1595 563 1660 Fabricio
580 1595 708 1682 quidem
728 1598 882 1662 Biblioth.
898 1600 956 1663 Gr.
971 1598 1046 1663 Vol.
1063 1601 1107 1662 ΙΙ.
1128 1622 1160 1684 p.

135 1699 205 1778 ²4⁶·
221 1698 242 1762 J
245 1744 254 1759 .
265 1696 404 1761 Meurfio
415 1696 613 1763 nominatum
624 1698 656 1760 in
666 1698 880 1783 Theophrasto
888 1702 922 1764 N
925 1722 990 1764 um.
1003 1700 1178 1766 CXVIII.-

135 1819 165 1883 ρ.
182 1816 237 1861 10.
259 1811 294 1860 at
307 1795 395 1859 nulla
406 1788 671 1861 animadversione
685 1798 883 1884 explicitum.
915 1801 957 1863 Et
970 1799 1039 1863 aliis
1052 1801 1160 1865 homi-

135 1897 227 1961 nibus
240 1895 339 1981 vulgo
353 1894 569 1980 pomeridiana
586 1896 763 1960 ambulatio
783 1898 918 1963 usitatae
940 1899 1082 1965 Luciairi·
1097 1900 1163 1963 huo

135 1996 253 2082 spebiat
273 1998 352 2062 Jove
375 1998 470 2082 Trag.
484 1996 523 2059 Τ.
540 1995 584 2058 ΙΙ.
605 2016 639 2081 p.
654 1998 736 2082 659:
760 1996 817 2081 ἐγώ
837 1999 877 2078 u,
896 1997 984 2062 e’ie‘re
1004 2004 1062 2085 γὰρ
1083 2000 1162 2063 aim

135 2101 183 2176 bibi
204 2096 249 2177 rie,
268 2102 386 2173 ἀνῆλθον
403 2101 440 2171 εἰς
460 2099 492 2159 τὸ
512 2095 577 2175 αἷς-ιι,
597 2101 632 2171 ὥς
650 2099 874 2184 περιπατήσαιμι
895 2103 927 2162 τὸ
948 2103 1056 2165 δειλινὸν
1074 2104 1108 2163 ὶι
1121 2104 1164 2185 τῷ

135 2206 350 2289 Κφψψ.
384 2198 505 2264 AEliani
523 2199 600 2262 Var.
614 2199 695 2263 Hist.
720 2201 763 2263 II.
778 2220 821 2284 5:
845 2200 1010 2276 ἀκούσαντες
1032 2208 1056 2265 ai
1076 2199 1162 2288 ἔφοροι

135 2299 353 2382 Δωδαιμοιίωι
380 2300 441 2372 τοὺς
467 2297 615 2362 Δεκέλειαν
638 2297 850 2376 καταλαὸὅπας
875 2302 1022 2389 eripiebam
1047 2294 1163 2389 χρῆθάι

135 2398 406 2486 Βιλιιᾷγότέςειλαν
425 2403 515 2473 αὐτοῖς
538 2403 588 2476 Μὴ
606 2405 796 2487 vegetamine.
833 2402 888 2466 Ad
908 2405 1097 2470 Graecorum
1109 2426 1162 2469 ra·

135 2490 254 2589 tionem
268 2500 530 2588 philosophorum
547 2502 625 2565 item
643 2502 907 2566 antemeridianas
920 2520 953 2568 et
968 2490 1172 2590 ponenda}

135 2628 187 2672 nae
209 2605 334 2675 scholas
355 2602 472 2669 habere
491 2602 610 2671 solebat
630 2602 756 2679 Cicero,
776 2602 885 2668 sedens
901 2617 958 2668 aut
973 2607 1160 2671 ambulans:

135 2710 223 2777 ruse.
239 2710 268 2773 I.
281 2726 323 2788 4:
348 2708 460 2770 Ponere
470 2704 626 2790 jubebam,
649 2705 687 2767 de
708 2728 763 2791 quo
784 2704 850 2790 qais
869 2707 975 2769 audire
987 2708 1098 2771 vellet.-
1121 2709 1166 2771 ad

135 2811 166 2875 id
177 2822 234 2875 aut
234 2810 345 2898 sedem
358 2821 413 2871 aut
427 2805 583 2870 ambulans
599 2806 796 2892 dffpatabam.
825 2805 932 2892 Itaque
945 2807 1057 2871 dieram
1065 2809 1162 2894 quia-

135 2936 186 3000 que
198 2911 331 2997 scholas,
355 2921 389 2972 at
418 2907 519 2972 Graeci
537 2906 701 2994 appellant,
728 2907 761 2970 ia
784 2907 902 2970 totidem
926 2906 1016 2970 libros
1042 2909 1162 2973 contuli.

134 3013 177 3077 ll.
190 3032 211 3097 3
225 3036 235 3075 ι
258 3010 378 3096 ltaque,
393 3011 456 3070 cam
470 3018 539 3069 anta
553 3006 701 3071 meridiem
715 3005 835 3070 diatoni
851 3021 969 3094 operam
981 3007 1161 3092 dediffim,

135 3109 168 3187 fia
180 3122 216 3175 at
232 3107 333 3198 pridie
343 3107 536 3190 ficeramus3
557 3103 616 3191 post
630 3105 777 3167 meridiem
792 3106 824 3167 in
838 3107 1032 3169 Academiam
1046 3109 1080 3168 de
1094 3130 1161 3171 aen-

135 3212 281 3276 dimam
327 3205 384 3293 Est
402 3206 497 3291 igitur
521 3205 740 3270 ambulantibus
765 3208 808 3269 ad
829 3208 906 3270 buna
929 3209 1047 3272 niodum
1063 3211 1163 3295 Jirmo

135 3310 183 3375 ille
205 3309 290 3383 nabis
303 3306 470 3392 institutas.
509 3304 590 3369 Ibid.
612 3305 665 3368 fin.
682 3308 744 3369 26:
777 3306 853 3369 Cras
876 3306 970 3393 igitur
990 3309 1033 3370 ad
1053 3308 1161 3395 clepsi-

135 3415 219 3477 dram
232 3410 256 3475 i.
267 3431 299 3475 e.
325 3406 379 3491 (ad
396 3405 652 3486 declamandum)
668 3418 749 3470 2-et
762 3405 843 3468 illud
859 3408 975 3493 quidem
990 3421 1059 3472 ante
1073 3411 1161 3472 meri-

135 3514 228 3581 diem:
249 3514 304 3579 boc
321 3515 417 3576 eodem
431 3525 570 3599 tempore:
596 3512 630 3594 (i.
646 3534 676 3574 e.
696 3510 770 3588 hoc,
790 3511 830 3576 de
849 3511 1051 3600 philosophia
1069 3514 1161 3579 diffe-

135 3638 211 3698 rem,
233 3615 348 3683 eodem
368 3630 513 3700 tompore
535 3614 780 3700 pomeridiano).
819 3616 935 3699 111.3:
967 3615 1008 3679 Ut
1029 3617 1105 3678 etaim
1129 3618 1161 3679 in

135 3717 326 3789 Academiam
346 3715 471 3801 nostram
494 3716 702 3802 distendimus,
723 3717 862 3780 inclinato
871 3718 942 3804 jam
960 3717 993 3779 ia
1011 3714 1161 3804 podicem·

135 3819 254 3883 dianam
269 3831 381 3904 tempas
392 3817 452 3895 die,
467 3817 579 3903 papey'ci
592 3815 720 3904 aliquem
734 3841 844 3897 eomm,
858 3817 909 3903 qai
923 3817 1060 3897 aderant,
1076 3822 1160 3906 caus-

135 3921 191 3991 lam
203 3920 371 4006 differendi.
399 3920 499 4000 IV.4.
514 3919 597 3998 V.4.
619 3921 700 4006 Leg.
712 3921 754 3983 ll.
768 3940 797 3983 ι.
818 3921 871 3984 De
887 3920 943 3984 Or.
960 3920 986 3983 l.
1004 3936 1036 4004 7.
1066 3921 1110 3984 ll.
1127 3921 1160 3985 in

135 4020 202 4087 bue.
231 4022 295 4085 Ill.
308 4038 340 4105 5.
354 4039 416 4106 30:
439 4045 541 4084 -mon
560 4020 597 4105 est
613 4034 775 4107 paucorum
796 4019 959 4083 libellorum
985 4021 1037 4084 boc
1057 4046 1162 4086 maetas

135 4145 264 4209 -neqae
282 4120 449 4208 Tusiulani,
473 4133 561 4208 atqua
583 4121 669 4209 bajus
690 4119 897 4185 ambulationis
919 4121 1163 4185 antemeridianae

135 4233 183 4283 aut
197 4219 304 4306 nostra
316 4219 528 4307 pomeridiana
538 4220 681 4306 seffionis.
711 4222 786 4285 Hoc
801 4219 873 4285 satis
887 4221 929 4285 est
943 4221 984 4285 ad
998 4220 1160 4286 vindican-

135 4319 204 4386 dam
226 4318 392 4406 vulgatam
412 4319 583 4384 lebiionem
600 4321 954 4407 commendandamque
975 4336 1039 4408 ptae
1061 4323 1161 4389 ultera

135 4425 157 4486 b
177 4428 296 4506 Δελφοῖς
318 4421 459 4510 διατριὸῇι
484 4445 678 4509 quamquam
693 4436 726 4489 et
740 4423 785 4487 ibi
801 4445 876 4487 cum
890 4423 1053 4509 discipulis
1067 4424 1160 4488 dilie-

135 4522 195 4587 tuit
206 4523 402 4589 Ammonius
417 4548 446 4590 ιι.
462 4546 493 4612 e.
507 4523 540 4587 in
555 4522 644 4586 libris
660 4525 710 4589 De
722 4529 765 4587 El
784 4523 870 4608 apud
887 4524 1045 4609 Delphos,
1061 4539 1095 4591 ct
1107 4528 1161 4592 Do

135 4622 271 4693 Defeau
292 4625 516 4693 oraculorum.
558 4624 650 4690 Juffit
670 4624 770 4712 igitur
790 4627 984 4691 Ammonius
1009 4627 1160 4695 libertum

175 4744 262 4790 ΥΟΕ.
280 4746 332 4791 Vb.
621 4744 648 4788 Μ
662 4746 696 4788 m
