2684 5258
184 746 240 813 m
262 740 526 815 ermonem
548 740 695 813 occat
715 744 936 816 nonani.
1034 768 1076 838 25

71 929 197 1018 lionsm,
220 922 284 1030 qui
298 931 497 1030 ¹singulares
520 930 746 1003 Plutarclieos
769 931 902 1005 libellos
924 936 1079 1009 tironum

69 1055 166 1153 nuptui
194 1044 530 1142 aooornmodarunt,
550 1052 699 1150 copiolas
728 1046 808 1125 non-
834 1055 1079 1133 conseonhorz

68 1188 156 1274 atque
176 1175 206 1248 sr
227 1175 389 1263 subinde,
415 1186 457 1247 ut
479 1175 534 1262 sit,
548 1166 669 1247 eadem
693 1174 763 1271 ipse
780 1170 861 1249 lora
876 1178 1082 1276 monitaque
1117 1248 1126 1265 ,

66 1296 214 1386 attalem,
230 1298 312 1406 haec
329 1322 404 1369 non
419 1320 462 1369 ex
479 1294 615 1368 illorum
633 1296 764 1384 rivulis,
779 1296 835 1369 sed
850 1322 892 1371 ex
907 1299 984 1396 ipsis
1000 1299 1081 1372 son·

66 1420 146 1492 abus
167 1422 206 1491 in
227 1444 350 1492 meum
372 1430 574 1516 apparatum
590 1418 697 1491 dusla
712 1442 755 1489 ex
774 1442 885 1516 eoque
901 1423 937 1493 in
953 1422 1080 1495 Anim-

64 1541 268 1617 uanum
291 1541 478 1637 depromta
504 1548 619 1615 erunt.
643 1550 648 1559 '
669 1540 882 1615 Successore
904 1546 987 1632 mei,
1012 1545 1080 1618 five

62 1660 209 1737 inversa
229 1662 299 1735 srve
323 1661 504 1761 singularia
529 1662 704 1737 Plutarchi
725 1686 829 1759 opera
850 1665 975 1738 edituri
999 1666 1078 1756 fint,

59 1808 165 1858 meam
182 1808 325 1882 operam
343 1784 475 1856 etiamsi
497 1783 522 1856 fi
546 1784 786 1880 superaverint,
809 1809 854 1856 ne
871 1785 1079 1885 despiciant:
1151 1814 1155 1823 ·

58 1906 98 1979 illi
122 1909 297 2005 cogitent,
318 1905 423 2004 longe
447 1908 586 2002 majoris
610 1906 678 1979 esse
703 1905 827 1978 laboris
850 1906 1081 1983 fundamenta

51 2024 165 2130 jacere
186 2028 448 2127 aedificiumque
469 2030 652 2117 exstruere,
670 2052 777 2126 quam
796 2029 966 2115 exsimsio
986 2031 1080 2105 sasti-

56 2153 151 2249 gium
182 2152 382 2246 imponere:
408 2152 445 2223 hi
473 2150 655 2223 attendant
677 2161 712 2221 et
729 2161 863 2247 quanto
885 2151 927 2223 fit
949 2151 1082 2225 facilius

58 2298 170 2345 unum
189 2270 335 2368 copiose,
347 2297 454 2368 quam
467 2272 660 2371 odiogenos
675 2269 811 2349 modice
825 2296 949 2346 ornare
963 2270 1079 2364 libros,
1155 2258 1159 2269 ⁴

58 2396 150 2466 etin
170 2395 265 2489 parvi
282 2388 382 2467 libelli
399 2397 558 2491 quamris
574 2395 707 2492 copioso
725 2399 974 2469 commentario
994 2421 1080 2469 oon-

58 2515 207 2587 ficiendo
222 2540 294 2587 non
310 2495 428 2587 omnia
443 2518 612 2589 exhauriri
628 2544 649 2589 a
666 2519 765 2589 nobis
781 2519 885 2615 posse,
903 2518 1082 2618 multaque

58 2639 206 2710 nostram
231 2637 443 2735 diligentiam
469 2639 635 2736 effugere,
659 2664 739 2737 quae
763 2641 805 2711 ad
832 2665 905 2711 rem
930 2643 1080 2737 pertine·

58 2771 137 2832 ant:
164 2783 316 2856 quorum
335 2773 523 2856 utrumque
546 2761 613 2858 ipsc
628 2775 788 2857 expertus
809 2762 883 2835 sum
909 2764 945 2834 in
968 2761 1083 2834 libello

60 2882 103 2954 de
129 2883 215 2955 Sera
242 2882 414 2954 Numinis
440 2882 613 2955 Vindidia.
665 2880 787 2984 Hujus
813 2885 919 2954 editio
949 2896 1083 2979 quanto

60 3004 219 3078 habuerit
236 3001 423 3076 faciliorem
441 3004 662 3077 effediionem
684 3029 789 3101 quam
815 3004 921 3076 editio
946 3005 1084 3077 univer-

60 3125 173 3201 sorum
201 3109 360 3222 operum,
388 3126 455 3198 dixi
479 3127 515 3198 in
540 3127 742 3224 praesatione
766 3127 878 3223 primo
903 3125 1083 3201 Volumini

60 3250 256 3344 praemissa:
280 3260 319 3319 et
333 3248 657 3320 Animadversiones
681 3273 771 3321 meae
795 3249 838 3320 ad
864 3247 960 3321 illum
984 3249 1083 3323 libel·

61 3369 133 3442 lum
153 3369 313 3467 quamvis
332 3366 529 3467 frequentes
552 3395 592 3442 ac
613 3369 748 3442 refertae
774 3383 890 3444 tamen
914 3395 997 3443 eum
1020 3371 1084 3444 ha·

62 3492 147 3564 bent
162 3490 320 3579 modum,
344 3502 398 3578 ut,
422 3516 492 3564 non
517 3492 595 3564 dico
620 3493 664 3564 ad
693 3492 951 3587 perseslionem
969 3493 1025 3566 sed
1039 3494 1086 3566 ad
1123 3572 1126 3579 ,

64 3614 284 3685 necessarium
314 3614 606 3711 interpretationis
634 3614 790 3686 officium
806 3614 932 3686 'multa
957 3616 998 3687 iis
1023 3615 1085 3687 de·

64 3734 154 3807 snt:
194 3759 343 3831 quorum
375 3736 470 3809 haud
494 3736 784 3808 contemnendam
812 3746 944 3834 partem
971 3737 1088 3832 postea

65 3856 133 3928 vidi
159 3867 197 3928 ct
221 3860 397 3930 annotavi.
448 3857 627 3929 Caeterum
653 3883 673 3927 a
696 3856 938 3929 succefloribus
960 3857 1088 3931 meissr

66 3977 259 4075 exspectem
273 3990 326 4066 ut,
344 4002 415 4075 qua
426 4002 492 4077 ego
507 4004 589 4077 erga
607 4000 703 4051 meos
719 3977 906 4050 decessores
921 3977 1088 4078 religione

68 4099 144 4172 usus
171 4100 261 4187 sum,
287 4100 410 4173 eadem
437 4101 496 4198 ipsr
523 4126 605 4198 erga
627 4125 685 4173 me
707 4112 864 4190 utantur,
885 4126 958 4174 non
974 4104 1090 4176 videar

69 4223 210 4294 nimiam
237 4222 282 4293 ab
308 4224 350 4294 iis
369 4224 514 4319 gratiam
542 4222 747 4320 exspeslare.
799 4224 859 4296 Sin
882 4222 950 4296 hoc
977 4222 1090 4325 majus

69 4345 112 4416 est
138 4369 244 4440 quam
272 4369 338 4440 pro
364 4346 470 4439 hujus
498 4343 611 4417 saeculi
640 4346 806 4433 moribus,
837 4345 975 4442 meique
1003 4343 1090 4418 mihi

70 4464 273 4539 successores
303 4464 337 4538 se
363 4466 524 4562 graculos
551 4467 774 4561 praebebunt3
808 4464 1008 4539 consolabor
1032 4491 1091 4539 me

70 4612 145 4661 cum
163 4586 374 4661 conscientia
397 4587 492 4660 resle
514 4586 698 4676 factorum,
722 4600 799 4660 tum
817 4587 976 4661 societate
992 4614 1091 4688 mag-
