2684 5258
184 1222 526 1319 DANIELIS
567 1217 1145 1318 WYTTENBACHII

366 1542 970 1627 ANIMADVERSIONES

155 1915 159 1921 .
219 1806 222 1813 ‘
294 1848 368 1944 lu
391 1848 767 1944 Pnunaucffl
793 1846 1043 1943 nuatum

197 2178 200 2188 '
225 2174 289 2241 DE
310 2173 562 2239 SENTIENDO
586 2172 812 2239 PROFECTU
836 2173 886 2238 IN
907 2171 1110 2238 VIRTUTE.

570 2453 749 2486 ..Q-

151 2641 212 2754 P.
226 2704 282 2774 75·
297 2690 340 2754 A.
376 2687 468 2755 noa
487 2693 545 2752 AN
567 2690 637 2755 na
659 2688 862 2756 Amoorro
890 2692 1055 2752 namon
1080 2692 1180 2751 nao-

153 2793 417 2857 ΚΟΠΤΟΝΤΟΣ
444 2793 510 2852 Ess’
535 2791 696 2877 ΑΡΕΤῌ.]
735 2790 937 2852 Memoratur
964 2789 996 2851 in
1023 2788 1183 2873 Lamprite

156 2889 316 2978 Catalogo
328 2892 431 2956 Num.
446 2892 631 2956 LXXXVI.
645 2892 699 2958 ubi
721 2891 841 2976 reliqua
858 2893 952 2955 verba
969 2892 1041 2954 sunt
1056 2891 1182 2969 eadem,

155 2990 271 3055 ultima
294 2990 423 3070 diversa,
450 2994 523 3077 πρὸς
546 2993 653 3077 ἀρετήν.
700 2994 737 3056 In
759 2991 894 3056 Macarii
917 2991 1184 3078 Chrysocephalae

157 3091 329 3158 Rhodonia
351 3093 436 3180 apud
458 3094 668 3159 Villoisonum
692 3093 852 3158 Anecdot.
879 3095 936 3157 Gr.
961 3095 999 3156 Τ.
1014 3093 1058 3155 11.
1082 3115 1114 3178 p.
1132 3111 1182 3155 10.

156 3192 233 3257 item
248 3193 370 3257 ultimis
385 3194 609 3259 tantummodo
624 3195 792 3273 diversitas,
807 3199 846 3257 ἐπ’
863 3195 969 3281 ἀρετήν.
1002 3195 1108 3259 Aliter
1121 3196 1182 3258 So-

157 3306 246 3379 pater
259 3294 293 3358 in
308 3294 437 3382 Eclogis
450 3296 535 3381 apud
546 3296 696 3360 Photium
709 3297 793 3360 Cod.
806 3297 925 3360 CLXI.
941 3319 975 3382 p.
984 3316 1060 3380 341.
1074 3295 1185 3369 -ὅπως

157 3393 190 3458 ἄν
201 3421 245 3470 τις
257 3394 422 3460 musciano
436 3402 520 3460 tamt
534 3397 599 3484 πρὸς
612 3400 708 3482 ἀρετὴν
722 3397 861 3470 ἐπιδόντος.

196 3494 382 3581 Disputatio
396 3496 515 3582 speetat
536 3496 680 3560 adversus
696 3497 832 3574 Stoicos,
848 3518 902 3560 cos
919 3509 1017 3574 certe,
1033 3497 1089 3581 qui
1107 3518 1183 3581 pro-

158 3594 295 3681 gressum
316 3594 358 3658 ad
379 3594 564 3680 sapientiam
584 3617 689 3661 carere
710 3596 864 3659 levatione
880 3596 1026 3660 vitiorum
1048 3610 1184 3685 conten-

159 3695 292 3761 debant:
318 3717 383 3781 quo
397 3695 525 3760 nomine
541 3696 666 3760 Stoicos
680 3695 914 3780 reprehendens
935 3696 1049 3759 Cicero
1064 3697 1115 3758 De
1131 3697 1155 3757 F
1156 3694 1183 3757 i·
1265 3680 1268 3690 ¹

160 3797 251 3862 nibus
267 3800 327 3862 lv.
343 3813 396 3881 25.
421 3812 455 3862 et
477 3798 664 3862 Plutarchus
687 3798 772 3862 Adv.
796 3798 895 3862 Stoic.
923 3820 956 3883 p.
975 3800 1066 3861 1062.
1083 3795 1124 3874 C,
1137 3797 1183 3860 D.

163 3901 254 3984 1067.
275 3901 312 3963 F.
341 3899 478 3963 maxime
502 3899 677 3986 fignificant
700 3902 877 3978 Zenonem,
904 3899 1127 3991 Chrysippum,
1152 3911 1187 3961 et

160 4001 212 4086 qui
226 4000 288 4064 hoa
302 4000 527 4085 sequebantur:
548 4023 611 4064 non
627 3999 756 4086 quidem
772 4001 960 4079 Panaetium,
976 3997 1186 4077 Pofidonium,

162 4101 298 4187 aliosque
313 4101 438 4180 slmiles,
457 4100 513 4187 qui
530 4100 615 4164 illius
632 4101 746 4165 scholae
761 4101 954 4166 severitatem
973 4110 1187 4182 temperarent

161 4201 371 4281 humanitate,
394 4202 489 4266 etad
514 4224 720 4266 communem
742 4203 865 4267 sensum
888 4196 1185 4266 accommodarent:

160 4303 270 4388 quoin
283 4324 401 4389 genere
415 4303 512 4367 etiam
526 4302 672 4366 censendi
688 4303 761 4366 sunt
775 4303 977 4379 recentiores,
993 4317 1128 4383 quorum
1145 4294 1187 4359 ad

162 4422 216 4465 nos
241 4414 397 4465 venerunt
422 4402 548 4486 scripta,
573 4404 694 4466 Seneca
721 4401 817 4487 Epist.
842 4400 984 4466 LXXV:
1022 4393 1150 4480 Epist&
1163 4426 1180 4466 ,.·

161 4500 238 4566 Diff.
253 4505 280 4566 1.
294 4523 327 4584 4.
342 4515 376 4566 et
390 4501 481 4566 alibi:
505 4504 555 4565 M.
571 4502 773 4567 Antoninus:
796 4503 852 4589 qui
867 4503 932 4565 fere
947 4494 1068 4581 ubique,
1089 4497 1091 4506 ’

163 4619 302 4687 quuntur
317 4604 357 4669 de
375 4603 599 4691 progressione,
616 4616 653 4667 ut
666 4624 736 4667 eam
751 4626 816 4670 non
831 4600 929 4669 modo
942 4616 1022 4678 oum
1057 4594 1060 4601 ’

632 4725 655 4769 u
670 4725 728 4788 n4
