2684 5258
156 369 213 431 168
296 368 336 430 Ι).
348 369 399 428 W.
419 369 624 430 ANIMADV.
645 369 693 430 IN
712 368 949 430 inmunem
966 368 1044 430 Lm.

155 550 197 598 ne
210 544 385 621 occupatus
399 528 570 619 suspicione
591 545 625 597 et
645 520 875 620 aspernatione,
895 530 950 596 sed
970 507 1083 618 potius⁸
1101 550 1177 619 pre·

156 651 286 723 paratus
305 636 495 701 institutione
510 649 544 699 et
556 636 671 700 notitia
691 634 890 714 conciliatus,
913 631 1062 721 placidus
1083 624 1177 699 et'fn.

155 737 288 803 miliario
302 759 321 802 a
335 738 417 803 Poesr
431 736 471 802 ad
488 736 719 828 Philosophiam
732 735 923 804 deducatur.

200 957 251 1019 14.
267 939 310 1004 D.
333 937 477 1017 Φιλόξενος
492 946 504 1003 ὁ
518 940 637 1024 ποιητὴς]
663 938 821 1004 Additum
843 938 886 1004 est
903 942 917 1001 i
935 942 1059 1019 ποιητὴς,
1079 936 1171 1003 uthic

155 1041 196 1103 ab
215 1038 283 1102 aliis
307 1039 485 1103 Philoxenis
505 1040 733 1125 distinguatur:
760 1055 793 1104 et
810 1040 901 1104 simul
920 1038 1170 1127 fignificatioueut

155 1139 290 1224 praehet,
307 1137 512 1206 Plutarchum
527 1140 558 1204 in
575 1163 613 1204 ca
632 1139 720 1203 fuisse
735 1140 906 1219 sententia,
922 1163 990 1205 non
1004 1139 1112 1227 plures
1127 1139 1167 1203 n·

155 1239 209 1304 isse
231 1238 293 1304 hoc
315 1240 445 1305 nomine
459 1256 578 1327 poetas,
595 1241 647 1305 sed
664 1264 765 1305 unum
782 1241 870 1305 hunc
884 1239 991 1327 patria
1006 1240 1169 1326 spelaion,
1207 1246 1209 1257 '

155 1340 298 1428 Dionysii
320 1340 447 1428 majoris
469 1341 654 1428 Syracusani
673 1341 870 1419 familiarem,
888 1339 989 1427 vulgo
1005 1340 1163 1426 Dittm-

158 1443 263 1523 bicum,
279 1464 520 1529 nonnumquam
535 1443 684 1528 lyricum,
695 1443 866 1530 Troginus,
877 1456 934 1507 aut
945 1442 1090 1507 Melicum
1101 1463 1164 1528 cog·

158 1546 372 1613 nominatum.
412 1549 463 1614 Do
477 1571 541 1634 quo
556 1563 588 1611 et
602 1544 669 1638 aliis
683 1546 779 1633 vulgo
799 1568 874 1618 cum
890 1567 930 1610 eo
950 1545 1086 1611 cousufis
1105 1542 1162 1629 Phi·

156 1648 292 1730 loxenis‚
313 1672 413 1737 quum
436 1652 499 1716 hoc
517 1650 588 1715 loco
602 1670 759 1734 exponere
781 1647 914 1733 longum
935 1647 983 1726 srt,
1003 1644 1163 1712 differemus

69 1783 70 1786 ¹
158 1748 191 1813 in
206 1749 412 1816 Bibliothecae
432 1750 560 1816 Criticae
573 1748 648 1813 Vol.
664 1749 725 1811 lll.
751 1749 832 1811 Part.
850 1747 911 1810 lil.
934 1745 1041 1845 primo
1057 1764 1162 1841 quoque

158 1860 317 1934 tempore,
333 1862 370 1912 ut
385 1849 556 1933 speramus,
572 1846 703 1911 edenda.

204 1966 255 2028 14.
265 1950 309 2011 D.
331 1947 452 2032 Σήδατε]
479 1950 553 2012 Hoc
568 1947 745 2036 profectum
759 1947 801 2011 est
813 1969 832 2010 a
845 1943 1042 2011 correctione
1054 1936 1162 2010 editori·

156 2045 346 2123 nannenus,
362 2068 456 2132 quarn
472 2046 570 2110 secuti
584 2047 656 2110 sunt
671 2046 747 2133 Xyl.
761 2046 885 2110 Amiot.
902 2046 999 2110 Grot.
1014 2045 1101 2110 Mea.
1128 2042 1164 2106 At

157 2167 231 2210 vero
252 2145 328 2208 Ald.
352 2145 489 2236 indeque
511 2146 692 2233 Stephanus
715 2170 789 2210 curn
810 2147 961 2210 omnibus
984 2143 1101 2233 scriptio
1118 2162 1163 2206 oo*

157 2246 282 2312 dicibus
303 2247 430 2337 habent⁸
442 2248 565 2328 Σήδαπε,
586 2249 640 2313 nisr
658 2248 743 2335 quod
763 2246 883 2312 Harlei.
898 2270 983 2312 novo
997 2246 1089 2313 etiam
1101 2241 1164 2307 vitio
1207 2262 1209 2305 ι

156 2348 221 2413 sert
242 2347 378 2415 Σαίδαπε.
415 2349 578 2416 Cruserius
600 2365 771 2438 utrumque
793 2370 909 2413 nomen
932 2348 1047 2417 omisit.
1080 2345 1163 2434 Pqui·
1205 2340 1209 2401 ἵ

158 2452 233 2517 dem
249 2477 313 2520 non
327 2454 423 2518 auslm
438 2477 552 2542 negare
566 2455 702 2533 Σήδαπος,
717 2469 773 2518 aut
787 2456 923 2532 Σηδαπός,
939 2465 973 2517 et
987 2454 1129 2517 Graecum
1139 2456 1163 2511 ct

157 2556 312 2620 latinum
327 2557 436 2621 haberi
451 2558 534 2642 posse
549 2578 678 2634 nomen,
702 2556 757 2618 sne
779 2553 954 2640 proprium,
973 2554 1033 2618 srve
1047 2552 1163 2618 substan·

159 2655 271 2733 tivum,
288 2657 345 2719 srvc
359 2655 563 2740 adjectivum
586 2655 659 2718 licet
682 2655 806 2718 nullum
827 2652 895 2740 ejus
913 2652 1095 2739 exemplum
1107 2669 1164 2738 pto

158 2756 263 2820 ditum
278 2757 332 2836 sn;
356 2755 474 2840 quippe
495 2755 577 2818 hanc
592 2756 726 2821 sormam
747 2754 893 2841 analogia
910 2768 1022 2822 tuetur
1040 2753 1165 2823 similium

158 2859 302 2938 ἡμεδαπὸς,
318 2860 461 2938 ὑμεὸαπός,
477 2859 651 2938 ἀλλοδαπός;
675 2872 712 2922 ut
726 2861 843 2935 σηὸαπδς
862 2859 898 2922 stt
915 2881 973 2944 pro
988 2863 1112 2939 σσδαπὸς,
1124 2867 1166 2923 tut

157 2947 285 3036 σοδαπός,
308 2968 320 3021 ὀ
341 2972 467 3023 mutato
490 2960 520 3025 in
544 2969 571 3039 ἦ,
592 2975 628 3024 ut
648 2962 830 3047 frequenter
844 2961 875 3023 in
891 2961 1075 3028 nominihus
1092 2981 1164 3026 com·

157 3059 283 3148 posrtis:
311 3058 458 3146 idemque
474 3060 529 3148 jus
551 3063 694 3128 obtincat
715 3086 752 3126 ac
775 3063 926 3127 Latinum
950 3063 1045 3144 Tuas,
1068 3061 1167 3138 Touo,

157 3150 245 3227 unde
267 3163 309 3227 est
331 3162 461 3243 suatim,
481 3163 568 3248 quod
589 3187 627 3228 ex
650 3165 760 3229 Plauto
785 3164 887 3228 adfert
908 3164 1038 3231 Nonius
1064 3186 1097 3252 p.
1112 3178 1167 3247 179·

157 3266 192 3331 Si
210 3268 360 3331 Graecum
382 3264 490 3330 haberi
516 3268 626 3352 potest,
650 3266 766 3351 poterit
783 3267 858 3329 item
878 3264 989 3330 haberi
1012 3265 1168 3340 Latinum

158 3366 416 3456 quandoquidem
435 3368 552 3432 Latina
577 3367 725 3453 ploraque
747 3367 877 3431 nomina
902 3367 1033 3453 propria
1054 3362 1170 3455 originis

158 3471 282 3534 Graecae
302 3472 383 3535 sunt.
422 3472 577 3535 Attamen
600 3471 718 3548 Σήδατε,
740 3484 778 3533 ut
799 3467 1005 3554 probabilius,
1024 3468 1170 3536 edendum

157 3567 251 3647 duxi3
274 3571 323 3634 vel
337 3571 401 3635 sola
414 3573 551 3636 nominis
565 3572 682 3658 proprii
695 3568 922 3634 consuetudine
933 3580 968 3632 et
979 3570 1170 3646 auctoritem

158 3692 232 3737 nam
254 3670 317 3755 ipse
331 3673 460 3762 quidem
482 3675 668 3737 Plutarchus
691 3675 841 3760 nusquam
860 3671 934 3736 alibi
953 3670 1098 3737 sedatum
1114 3690 1171 3737 me·

156 3786 273 3838 morat.
309 3771 408 3857 Apud
429 3775 602 3838 Gruterum
621 3776 764 3860 inscript.
781 3775 973 3837 MLXXIV.
991 3792 1043 3838 10.
1066 3774 1173 3862 legitur

160 3876 195 3938 C.
213 3874 338 3938 Sedatus
355 3872 477 3936 Florus:
500 3888 533 3936 et
546 3876 755 3938 MLXXVll.
775 3876 826 3937 M.
845 3874 982 3938 Sedulus.
1021 3875 1057 3938 G.
1075 3875 1112 3940 F.
1127 3872 1171 3937 Se·

156 3977 316 4040 verianus:
339 3975 422 4062 apud
439 3975 645 4039 Mazochium
662 3978 880 4041 Commentar.
900 3976 940 4040 ad
960 3977 1099 4043 Tabulae
1113 3978 1172 4043 He·

156 4078 233 4140 rael.
256 4099 290 4163 p.
305 4078 379 4164 389.
397 4077 513 4140 Sedato.
549 4078 600 4140 Eu
618 4093 650 4142 ct
665 4076 749 4161 apud
768 4077 934 4142 Aristidem
955 4080 994 4143 T.
1011 4081 1038 4143 l.
1061 4102 1095 4166 p.
1107 4094 1174 4164 301.

155 4194 232 4261 324.
246 4198 321 4263 331.
346 4179 471 4251 Sedulus
488 4178 656 4265 Nicaeofis,
679 4180 731 4242 cui
753 4194 845 4242 antea
864 4180 1045 4265 lhcophilo
1064 4196 1172 4246 nomen

156 4274 281 4363 sueram
305 4293 338 4347 et
351 4281 496 4373 Episcopi
512 4304 628 4362 nomon
645 4281 770 4348 Sedulus
783 4303 833 4369 ap.
851 4281 891 4356 C.
907 4283 1084 4355 Gesnerum
1102 4281 1171 4354 Biha
