2684 5258
278 703 333 765 ns
346 704 696 773 ntmnnunrtnm
710 712 901 777 annona.
913 716 1042 795 panc.
1123 724 1180 780 m

142 864 232 951 χνοὶ,
258 868 366 955 guloſs,
390 883 425 936 et
446 874 608 961 proprium
634 875 667 941 in
691 877 751 943 hae
772 901 818 960 re,
845 892 880 944 et
905 878 1184 946 accommodatum

153 967 234 1032 huic
257 971 348 1037 Ιοοο.
378 974 470 1060 cujus
492 976 537 1040 rei
557 978 660 1042 mulla
680 993 882 1066 comparetur
902 980 1023 1046 sadum
1043 983 1184 1071 Lycurgi

136 1064 190 1131 ·in
205 1068 334 1136 duobus
348 1075 481 1139 canibus
495 1078 581 1162 Opp.
597 1079 683 1143 Mor.
699 1101 731 1165 p
740 1100 773 1165 3
785 1084 828 1146 A
851 1100 924 1166 225.
938 1084 973 1148 F.
1002 1081 1185 1148 Similitudo

150 1166 257 1235 dudio
271 1171 394 1238 videtur
407 1197 426 1238 a
440 1176 530 1241 sonte
547 1178 709 1245 Platonico
724 1182 804 1267 Rep.
819 1183 896 1247 Vll.
910 1204 944 1269 p
935 1202 1031 1268 490
1046 1182 1095 1247 D:
1117 1189 1186 1247 —el

138 1271 386 1358 -μςαοιῖοκοο,
368 1300 433 1337 οταν
451 1278 484 1338 τὸ
505 1286 619 1364 πρῶτον
640 1280 731 1365 λογων
752 1282 895 1366 γοόωντας,
919 1286 954 1357 ὥς
974 1287 1127 1369 παιδοᾴ’
1092 1288 1184 1360 αυτοῖς

153 1380 370 1458 mazeline,
390 1373 433 1436 aa
457 1379 492 1449 οἱς
514 1378 675 1462 ἀντιλογίαν
694 1379 842 1466 χρώμενοι·
875 1383 923 1444 nal
943 1382 1101 1464 μιμούμενοι
1121 1383 1184 1458 τοὺς

152 1471 370 1556 stramina„
386 1477 462 1537 αὐτοὶ
481 1474 573 1551 ἄλλος
591 1478 744 1564 salmani,
763 1480 908 1566 χαῖςοπος
928 1479 1019 1569 ὥσπερ
1039 1482 1184 1547 σκυλάκια

137 1576 195 1655 τῷ
210 1570 297 1637 ἕλκειν
310 1576 358 1636 καὶ
373 1576 531 1662 napnirlut
543 1585 583 1662 τῷ
601 1579 679 1664 λόγῳ
691 1582 752 1655 τοὺς
763 1581 878 1658 πλησίον
891 1581 943 1644 lael·
965 1581 1084 1668 dequo
1098 1583 1182 1648 dixi-

141 1693 230 1737 mus
243 1673 284 1738 ad
299 1674 417 1739 librum
439 1678 490 1741 De
511 1680 588 1742 Sera
604 1681 707 1744 Num.
722 1681 821 1746 Vind.
837 1703 870 1767 p.
885 1702 936 1745 11.
970 1684 1024 1748 Ab
1043 1684 1107 1748 hoe
1125 1707 1181 1749 ex·

144 1775 266 1862 .emplo
285 1776 417 1843 dueum
435 1778 608 1867 imaginem
629 1782 808 1848 immutavit
829 1796 863 1847 et
877 1783 1080 1869 amplificavit
1100 1786 1182 1851 Hie·

154 1899 324 1966 ronymus.
367 1882 490 1945 Partem
511 1882 658 1968 imaginis
678 1883 789 1970 attigit
810 1885 964 1948 Horatius
989 1885 1085 1970 Epist.
1106 1887 1133 1951 Ι.
1149 1906 1182 1953 2.

152 1980 218 2062 65:
244 1981 398 2045 venaticus
418 2007 455 2045 ex
474 2006 528 2068 quo
551 1983 689 2070 Tempore
707 1985 859 2048 cervinam
875 1984 983 2072 pellem
1002 1985 1132 2051 latravit
1151 1988 1184 2052 in

154 2078 244 2157 aula,
260 2080 386 2146 Militat
405 2084 438 2147 in
448 2085 549 2169 sylvis
569 2085 696 2149 catulus.
733 2086 950 2173 Hieronymus
964 2087 1017 2151 hic
1035 2088 1078 2152 est
1090 2089 1182 2155 -tho-

152 2177 241 2258 dius,
257 2182 497 2268 Peripateticus,
516 2185 631 2271 suppar
650 2198 744 2250 aetate
764 2185 956 2273 Hieronymi
973 2187 1121 2253 Cardiani
1135 2187 1182 2253 ei-

150 2280 203 2345 nis
218 2295 254 2346 et
274 2283 435 2349 familiaris
457 2286 605 2365 Eumeni,
627 2286 785 2371 scriptoris
806 2285 846 2351 de
864 2287 1084 2352 successoribus
1102 2288 1181 2354 Ale-

148 2384 270 2448 -xandri
283 2386 412 2472 Magni,
427 2386 507 2471 saepe
520 2408 595 2451 cum
616 2387 680 2451 hoe
695 2386 854 2466 confusus,
873 2386 987 2452 clarior
1005 2401 1111 2453 tamen
1124 2411 1182 2455 eo-

156 2484 233 2549 dem
255 2485 365 2550 multis
389 2487 421 2550 in
444 2487 531 2550 omni
555 2486 698 2551 doarina
720 2487 842 2572 scriptis
857 2499 890 2551 et
909 2486 950 2551 ad
971 2489 1182 2572 posteritatem

157 2587 328 2652 celebratis
352 2588 450 2652 libris.
493 2589 654 2675 Ejusdem,
677 2589 726 2653 vel
746 2612 785 2653 ex
810 2589 923 2653 eodem
946 2591 993 2654 vel
1016 2613 1054 2654 ex
1076 2591 1184 2656 fimilis

156 2690 340 2774 argumenti
360 2690 441 2753 libro
463 2690 572 2753 locum
594 2689 626 2752 in
647 2688 871 2774 supplementis
886 2690 1062 2753 Stobaeanis
1081 2692 1182 2755 serva-

145 2802 228 2853 ·tum
252 2790 462 2876 prodidimus,
487 2790 519 2853 in
538 2788 867 2853 Animadversionibus
886 2788 928 2852 ad
948 2788 1091 2852 libellum
1115 2791 1183 2877 περὶ

157 2891 268 2954 παίδων
280 2896 407 2975 ἀγωγῆς.
521 2934 523 2939 -

199 2997 255 3074 48.
271 2995 312 3059 C.
334 2999 380 3058 Οὐ
398 3000 457 3082 γὰρ
476 2995 511 3069 ὥς
531 2998 646 3078 ἀγγεῖον
664 2999 678 3057 l
698 3001 755 3068 νοῦς
769 2992 996 3079 ἀποπληρώσεως,
1019 2992 1084 3053 ἀλλ’
1098 2997 1182 3055 ὑποκ-

160 3094 314 3178 οιαῦμιτθ
325 3097 404 3178 μόνον
417 3096 508 3182 ὥσπερ
524 3094 575 3173 ὅλη
593 3099 686 3172 δεῖτας,
704 3099 785 3182 ὁρμὴν
803 3099 969 3177 ἐμποιοῦντος
989 3097 1122 3180 εὑρετικὴν
1139 3092 1185 3161 κο)

160 3195 244 3284 igneo
257 3200 299 3261 ἐπὶ
312 3203 360 3275 τὴν
372 3199 528 3280 insinua]
556 3197 716 3260 Platonica
730 3197 813 3275 sunt,
828 3195 978 3282 siquidem
992 3195 1116 3259 animus
1132 3217 1183 3260 re·

159 3318 229 3361 rum
248 3296 424 3362 involutam
438 3297 654 3384 cognitionem
670 3297 702 3359 in
717 3297 748 3360 se
762 3295 877 3374 habet;
901 3296 1000 3382 igitur
1011 3296 1085 3359 valis
1099 3295 1182 3359 fimi-

160 3396 262 3463 litudo
278 3421 343 3462 non
360 3397 431 3462 satis
446 3399 477 3461 in
496 3420 571 3462 eum
586 3397 744 3476 convenit,
761 3397 872 3483 judice
887 3419 1014 3482 quoque
1029 3398 1184 3462 Cicerone

160 3501 251 3565 Tusc.
273 3502 299 3563 Ι.
321 3516 380 3584 25:
407 3499 641 3586 -cnpacilatem
664 3498 796 3584 aliquam
811 3499 843 3560 in
858 3498 954 3560 animo
969 3509 1105 3582 putamus
1119 3499 1185 3583 affe,

162 3625 213 3688 quo
232 3613 385 3689 tamquam
407 3602 438 3664 in
460 3600 584 3688 aliquod
602 3624 659 3664 vas
679 3624 713 3662 οο
735 3623 803 3686 quae
819 3597 999 3660 meminimus
1017 3598 1184 3681 irfitndan·

153 3707 237 3766 tur?
259 3706 292 3767 A
297 3703 433 3790 bsurdum
449 3703 484 3764 id
496 3703 634 3789 quidem:
657 3700 708 3788 qui
726 3700 801 3763 anim
812 3699 945 3783 fundus,
962 3709 1015 3759 aut
1033 3722 1101 3784 quae
1115 3699 1186 3763 talis

154 3807 252 3870 animi
265 3805 381 3892 figura
403 3804 530 3890 intelligi
551 3803 665 3890 polest?
691 3813 745 3864 aut
766 3825 834 3887 quae
855 3811 940 3862 lanta
960 3800 1074 3863 omnino
1096 3813 1185 3887 capa-

164 3909 244 3972 citas.
283 3906 346 3971 Sed
364 3906 463 3969 sunt
455 3919 532 3968 rtem
551 3906 669 3982 Stoica,
688 3902 839 3988 siquidem
859 3901 983 3964 animus
997 3900 1028 3964 in
1045 3902 1075 3964 se
1090 3902 1187 3967 habet

165 4011 306 4096 προλήψεις
320 4021 354 4071 et
369 4007 475 4084 ἔονοιας,
491 4007 641 4068 inchoatas
656 4003 877 4089 intelligentias,
893 4002 1008 4087 quibus
1024 4002 1187 4089 explicatis

167 4108 377 4193 illustratisque
392 4106 586 4192 pervenitad
600 4106 894 4191 sap1e111a1n‚.Leg
912 4105 939 4166 l.
955 4125 1049 4189 9.10.
1066 4105 1116 4167 16.
1132 4123 1184 4170 22.

170 4211 232 4275 lin
247 4212 289 4274 V.
306 4230 358 4273 21.
397 4209 499 4294 lgitur
520 4208 615 4272 etiam
641 4208 673 4269 in
697 4206 888 4270 divinatione
914 4228 979 4269 non
1001 4206 1054 4269 nist
1076 4205 1187 4270 fomite

169 4333 243 4397 opus
267 4313 376 4389 habet,
405 4309 499 4394 ipse
486 4332 556 4396 jam
578 4308 722 4371 adferens
746 4307 911 4370 materiam
936 4304 1002 4392 igni
1028 4304 1186 4370 idoneam.

174 4410 325 4475 Plutarchi
344 4412 408 4473 huc
424 4408 505 4472 salet
524 4407 628 4492 disput
629 4407 694 4470 atio
716 4407 767 4469 De
788 4408 882 4469 Orac
904 4402 1043 4468 Deltsiu
1063 4425 1097 4489 p
1111 4407 1187 4489 438.

172 4509 219 4573 C:
240 4510 301 4573 οὔτε
315 4514 373 4596 'yda
387 4509 510 4585 πάντας,
526 4506 584 4569 οὔτε
599 4507 659 4579 τοὺς
673 4506 767 4578 αὐτοὺς
782 4506 823 4566 alal
838 4503 1019 4579 οιατίθηοον
1009 4528 1086 4578 ητοο
1100 4506 1188 4568 πνεύ-

174 4636 252 4691 μοῐος
265 4613 385 4695 δύναμις,
402 4614 466 4677 ἀλλ’
483 4637 531 4674 one
508 4635 647 4692 .κκοιυμο
660 4601 725 4694 irae
727 4607 784 4693 ἷχεο
796 4607 843 4671 καὶ
857 4609 932 4692 ἆςχὶ
926 4633 959 4685 a,
971 4602 1061 4692 ὥσπερ
1076 4606 1187 4694 εἷ,ςητοο
