2684 5258
208 664 264 727 DE
275 660 408 729 ntem
421 666 625 730 AUDIENDI
638 667 829 730 RATIONE.
841 668 924 744 pto.
933 666 1038 724 t-C.
1077 664 1135 736 391

157 840 204 914 45.
218 832 262 910 Α,
272 831 312 897 Β.
326 832 492 920 Ἀςχιλόχε
505 834 556 916 μὲν
565 837 613 912 τὴν
625 834 763 909 bribmu,
772 828 934 919 l'lapperlbe
947 829 975 890 ll
987 830 1035 904 mlv
1048 850 1133 911 ςιχο-

135 933 207 1012 oller,
220 934 372 998 homulli
387 935 415 998 hi
426 940 474 1013 τὴν
487 935 632 1015 εὐτέλειαν,
648 933 780 1022 Ehpmihe
802 934 829 996 hi
847 935 895 1010 τὴν
912 933 1028 1007 λαλιὰν,
1041 925 1133 1006 Soco-

135 1032 191 1108 uo,
204 1032 232 1096 hi
247 1038 296 1112 riv
314 1034 503 1121 drepanium]
529 1035 703 1100 Archilochi
721 1045 946 1120 argumentum
968 1040 1135 1092 notetura

135 1131 280 1200 lutarcho
299 1135 395 1200 etiam
418 1138 505 1223 Opp.
528 1138 616 1202 Mor.
639 1158 672 1223 p.
689 1150 765 1221 520.
786 1135 835 1198 B:
863 1124 1083 1196 maledicentia
1099 1138 1134 1191 et

135 1235 312 1301 hscoenitcte
333 1237 399 1301 lere
420 1239 593 1318 constabat,
608 1237 694 1325 quod
716 1245 933 1321 temperarunt
951 1229 1081 1316 Sappho
1099 1238 1134 1292 et

135 1334 246 1415 tecue,
268 1350 303 1401 et
324 1335 387 1422 ipse
407 1339 574 1417 Horatius,
597 1352 727 1402 ceteras
746 1335 834 1405 illius
860 1330 970 1399 laudes
993 1330 1130 1406 secutus,

135 1428 282 1524 pudiaiit
300 1440 397 1525 Epist.
412 1443 440 1504 l.
458 1460 508 1527 19.
523 1460 617 1527 23-—.

360 1543 467 1606 Parios
482 1567 533 1629 rgo
549 1543 662 1631 primur
677 1542 792 1608 lambos

188 1638 308 1725 Ostendi
323 1639 423 1720 Latio,
438 1666 570 1706 numeror
583 1643 747 1729 animosque
756 1643 879 1727 secutur

184 1740 367 1819 Archilochi,
382 1765 440 1805 non
454 1766 500 1804 res
513 1756 541 1806 et
554 1744 675 1830 agentia
688 1743 782 1807 verba
796 1740 962 1828 Lycamben
972 1763 1027 1803 .·-

187 1841 345 1929 Temperat
357 1842 530 1908 Archilochi
544 1845 665 1930 Musam
684 1845 756 1932 pcde
769 1842 900 1930 mcoscula
915 1840 1045 1928 Sappho,

187 1941 344 2028 Temperat
358 1940 492 2023 Alcaeus,
504 1945 565 2030 scd
576 1944 661 2007 rebus
674 1957 702 2008 et
717 1944 818 2008 ordine
830 1943 949 2030 dispar:

185 2039 250 2105 Nec
259 2043 393 2129 socerum
407 2046 527 2132 quierit,
543 2070 626 2132 quem
639 2046 769 2130 versthus
783 2043 896 2108 oblinat
908 2041 996 2121 atris,

186 2141 248 2206 Nec
258 2145 378 2230 sporfic
392 2145 530 2233 laqueum
540 2146 659 2232 famoso
674 2147 803 2210 carmine
815 2146 915 2209 nollit.

135 2242 192 2307 lota
213 2243 272 2308 hve
288 2266 351 2322 ree,
374 2244 432 2309 five
453 2247 571 2325 fabula,
592 2249 633 2313 de
654 2247 817 2334 Lycamba
840 2245 970 2333 ejusque
990 2241 1127 2324 filiabus,

135 2362 185 2426 noo
203 2358 307 2430 poetae
329 2345 551 2411 maledicentia
577 2347 618 2410 ad
639 2347 846 2412 voluntariam
871 2357 1007 2410 mortem
1035 2366 1126 2409 com·

135 2442 212 2510 nhtte
224 2447 343 2510 fertur:
367 2448 466 2511 versui
485 2448 549 2512 huc
566 2448 731 2514 referendo
752 2446 947 2512 verisimilem
968 2446 1125 2511 obscoeni·

135 2556 201 2609 uem
215 2546 352 2610 reddidit
365 2550 396 2613 l.
411 2549 554 2635 Toupius
568 2549 609 2615 ad
622 2551 755 2614 Suidum
767 2552 806 2614 T.
818 2551 861 2613 11.
876 2569 909 2634 p.
919 2553 994 2631 464.
1009 2549 1126 2614 editio·

135 2640 350 2711 hnoviffimae.
388 2650 577 2738 Parmenidis
599 2650 791 2730 versificatio,
812 2650 918 2730 idest,
940 2652 1126 2736 compositio

135 2752 243 2817 meum
257 2754 363 2818 minus
382 2770 541 2836 accurata,
556 2780 594 2821 ex
611 2757 648 2820 iis
662 2780 733 2842 quae
748 2756 912 2841 supersunt
925 2754 1125 2841 fragmentis,

135 2839 172 2916 'ui
190 2853 260 2919 satis
284 2869 433 2941 apparet3
461 2857 612 2942 siquidem
634 2857 696 2921 hoc
719 2856 850 2920 nomine
872 2854 1125 2941 reprehenditur,

135 2970 170 3034 tto
181 2955 351 3042 vcrstficatio
362 2957 393 3019 in
403 2971 535 3044 poemate
548 2958 639 3021 locam
652 2958 750 3037 hahet,
765 2981 848 3044 quem
863 2956 895 3019 in
908 2956 1036 3020 oratione
1048 2980 1124 3021 com·

135 3051 209 3134 titio,
224 3056 349 3143 judicio
363 3058 572 3144 Quintilliani
588 3059 686 3122 Instit.
707 3060 762 3123 Or.
779 3059 839 3122 IX.
853 3076 886 3138 4.
923 3056 1058 3122 Fortasse
1072 3070 1124 3123 et·

135 3170 169 3219 tm
189 3157 249 3223 alio
270 3160 400 3223 nomine
424 3160 676 3245 reprehenditur,
699 3161 782 3248 quasi
803 3160 906 3247 magis
925 3159 1123 3225 versificatio·

135 3274 189 3338 tm,
202 3282 297 3346 quarn
311 3283 436 3347 poemen
452 3262 645 3327 condiderit:
669 3277 705 3327 ut
724 3263 809 3333 idem
830 3263 1065 3351 Quintilianus
1083 3264 1125 3330 de

135 3353 256 3459 'cornelio¹
278 3366 393 3428 Severo
416 3363 552 3450 judicat,
580 3387 653 3428 eum
681 3364 846 3429 meliorem
874 3366 1122 3446 versrficatorem,

135 3474 195 3536 mm
218 3476 346 3547 poetam
369 3462 469 3527 fuisse.
504 3464 557 3527 De
578 3462 744 3548 Pbomlidis
762 3461 883 3549 εὐτελείᾳ
902 3465 974 3528 satio
991 3468 1122 3532 constat.

135 3556 257 3650 impidie
279 3569 382 3627 λαλιὰν
404 3564 579 3650 perstrinxit
602 3566 826 3651 Aristophanes
848 3565 1009 3651 Ranis90.
1028 3587 1121 3634 1101.

135 3656 330 3730 hividcndue
354 3670 413 3729 Ec.
437 3666 668 3751 Spanhemius:
702 3667 827 3730 Comici
850 3667 1122 3751 reprehensionem

135 3762 210 3829 rotat
236 3767 388 3832 Aristides
412 3768 468 3831 Or.
485 3767 563 3830 l'lat.
583 3768 628 3830 ll.
651 3788 683 3852 p.
701 3786 773 3852 133.
807 3764 939 3854 Sophocli
961 3769 1122 3849 ἀνωμαλία,

135 3866 288 3951 κῳαΙὲίαε
303 3868 335 3930 in
351 3868 503 3948 moribus,
520 3881 580 3957 aut
594 3867 803 3953 descriptione
819 3867 1058 3955 oeconomiaque
1072 3869 1121 3933 fa-

135 3961 182 4031 ule
201 3968 295 4054 objici
319 3983 404 4033 certe
426 3968 555 4054 nequit:
587 3969 687 4054 potest
710 3969 792 4033 forte
812 3967 845 4031 in
865 3965 1016 4048 didionc,
1036 3993 1121 4057 quae,

135 4068 343 4155 lplernmque
364 4071 407 4133 est
428 4069 560 4156 tragica,
578 4069 731 4148 sublimis,
755 4069 870 4155 gravis,
891 4068 936 4133 ita
959 4094 1121 4137 nonnum·

135 4179 190 4229 tum
205 4169 287 4232 infra
309 4169 504 4233 cothurnum
521 4168 562 4231 ad
583 4170 681 4253 prosae
695 4169 927 4234 similitudinem
943 4170 1120 4237 delabitur:

135 4260 193 4332 tuti
208 4269 289 4334 adeo
306 4270 339 4332 in
356 4271 490 4335 versibus
507 4270 690 4355 quibusdam
715 4272 886 4336 Plutarcho
900 4273 1003 4338 citatis
1016 4273 1121 4339 videre

135 4379 173 4431 oet
193 4370 278 4457 Opp.
304 4373 391 4435 Mor.
416 4392 450 4456 p.
469 4373 519 4435 16.
535 4373 579 4435 A.
608 4373 716 4439 21.A.
745 4389 796 4456 27.
813 4375 847 4437 F.
872 4374 926 4455 48.
941 4375 983 4439 A.
1007 4376 1060 4460 98.
1075 4377 1119 4442 A.

135 4465 172 4530 18.
182 4471 224 4535 D.

145 4588 191 4654 45.
203 4572 243 4639 C.
257 4575 408 4666 bynbnhccc]
430 4576 582 4662 Consuela,
589 4574 696 4661 solita,
708 4576 905 4668 pervulgata.
927 4580 1120 4669 Hesychius,

567 4697 653 4761 ec4

1162 4768 1309 4954 Γ
