2684 5258
164 327 224 380 458
303 320 343 380 D.
357 321 409 378 W.
428 319 635 380 ANIMADV.
655 318 703 377 IN
724 315 960 377 PLUTARCHI
979 316 1076 376 HR*

109 537 113 544 .
166 482 276 562 nobis3
299 482 448 568 siquidem
462 481 548 546 Galli
561 503 693 567 corpora
705 479 759 566 ipss
775 479 832 544 sua
844 477 1033 565 quibusdam
1045 471 1166 543 notiorel
1203 541 1205 564 Ι

166 585 281 647 florum
302 583 349 646 sel
364 583 496 645 aliarum
511 605 616 645 rerum
631 580 847 666 compunxiffe
861 580 1022 644 videntur
1058 575 1163 642 Cultum
1200 626 1205 639 .

164 684 334 749 Lucretius
355 682 469 746 diserte
492 680 650 766 descripsit
672 681 716 745 ll.
731 681 925 819 598-643.
950 702 992 744 ex
1011 701 1073 766 quo
1088 695 1162 765 patet
1203 731 1205 737 ,

166 783 449 869 ponamus-618:

163 924 166 929 ·
252 883 403 967 lympano
417 892 498 942 tenta
513 893 617 945 tonant
630 880 753 967 palmis3
767 893 796 943 et
809 880 982 967 qymbola
957 904 1060 945 circem

251 982 401 1057 Concava,
417 981 622 1066 raucisonoque
636 981 790 1046 minantur
803 1005 912 1045 cornua
926 995 1027 1059 cautu,
1147 1006 1155 1016 ·

248 1083 295 1146 Et
311 1081 441 1166 Phrygio
452 1079 591 1165 stimulat
604 1084 722 1144 numero
737 1106 816 1145 cava
832 1083 910 1144 tibia
923 1092 1040 1160 mentes,

160 1227 166 1235 -
250 1180 381 1267 Telaque
392 1193 576 1268 praeportant
589 1181 713 1245 uiolasti
723 1182 820 1269 signa
829 1184 967 1269 furoris,

250 1283 390 1368 Ingratos
401 1281 524 1361 animas,
542 1295 631 1370 atque
643 1283 734 1368 impia
747 1293 867 1370 pettora
881 1283 972 1371 uulgi

253 1389 423 1452 Conterrere
437 1395 513 1449 metu
527 1410 596 1472 quae
607 1384 712 1473 pqfflnt
725 1386 843 1450 numine
855 1388 966 1450 Diva.

251 1491 337 1577 Ergo
350 1487 576 1575 quamprimum
589 1509 716 1572 magnas
731 1487 850 1551 inuecta
859 1503 918 1575 per
931 1487 1015 1552 urbes

250 1589 419 1675 Munificat
432 1590 525 1652 tacita
538 1587 673 1653 mortales
686 1600 768 1652 muta
779 1587 896 1674 salute,

250 1695 331 1758 AEre
344 1702 433 1776 atque
447 1702 569 1775 argento
578 1689 719 1772 sternunt
733 1690 788 1753 iter
802 1713 885 1752 omne
898 1691 1019 1755 viarum

250 1791 408 1877 Lnrgrfiea
419 1791 499 1876 stipe
511 1791 650 1866 ditantes,
667 1790 852 1876 ninguntque
869 1793 1002 1878 rosarum

251 1892 399 1967 Floribus,
414 1889 582 1951 umbrantes
596 1888 742 1966 Matrem,
758 1889 950 1977 comitumque
963 1902 1097 1955 catervas.

248 1992 311 2055 Hic
324 2001 444 2053 armata
458 2014 576 2068 mersus,
593 1992 719 2052 Curetas
732 1990 846 2053 nemine
862 1991 956 2055 Graii

250 2091 330 2173 Quos
345 2100 504 2151 memorant
521 2088 678 2175 Phrygios,
695 2087 910 2175 intersesorte
925 2103 1040 2155 catenas

161 2230 166 2239 .
249 2188 385 2265 Ludunt,
399 2187 431 2250 in
446 2211 653 2275 numerumque
666 2186 814 2273 ersstcltant
822 2191 978 2275 sunguine
987 2189 1074 2277 fleti:
1092 2197 1115 2250 ct

250 2288 408 2375 Terrifieas
422 2289 550 2375 cupitum
564 2288 725 2376 quatientes
740 2289 858 2353 numine
871 2291 972 2376 crustas

249 2394 381 2456 Dinaeos
394 2391 526 2477 referunt
542 2391 676 2456 Curetas.

164 2498 331 2561 Caeterum
352 2494 385 2557 in
410 2494 473 2559 hoc
499 2493 659 2559 Plutarchi
679 2493 752 2558 loco
773 2516 839 2558 non
863 2516 929 2560 una
950 2496 994 2559 est
1014 2491 1158 2560 difficutos

163 2599 269 2682 Kpteen
288 2598 308 2660 s1
329 2597 400 2681 quis
417 2619 492 2660 cum
514 2597 561 2659 H.
577 2596 740 2680 Stephano
754 2595 846 2660 ibes.
863 2599 902 2662 L.
919 2599 977 2661 Gr.
992 2593 1125 2683 Appencl
1135 2613 1159 2677 p·

166 2718 259 2785 1297.
282 2721 340 2785 pro
360 2720 476 2784 genere
499 2697 672 2762 saltationis
694 2698 849 2783 accipiat3
872 2713 982 2763 tamen
1004 2692 1160 2763 constatis

157 2802 330 2863 amborum
345 2797 516 2861 laborabit:
540 2797 618 2861 item
635 2797 804 2877 laborabit,
824 2798 844 2860 sr
864 2799 971 2885 igliur,
986 2795 1160 2876 liliorumio·

161 2898 287 2983 telligas
306 2895 434 2959 liliorum
445 2894 614 2982 florumque
637 2896 763 2961 aliorum
772 2899 976 2986 sparfioncrns
999 2914 1054 2965 aut
1074 2899 1091 2961 fi
1108 2916 1160 2960 om·

162 2998 238 3062 nino
261 2997 439 3075 omittatur,
459 2997 648 3062 auctoritate
668 2999 878 3083 plurimorum
898 3000 1059 3082 codicum,
1079 3014 1161 3064 tomen

160 3100 305 3182 τυμπάνων
323 3100 491 3187 ἐγχαράξεις
510 3124 573 3165 non
593 3101 678 3165 telle
701 3102 868 3167 dicantur:
895 3105 1016 3195 quippe
1038 3118 1161 3190 tympaut·

161 3226 227 3268 rum
248 3204 290 3267 est
310 3201 447 3289 pulsatio,
463 3201 611 3288 eoneeffo,
627 3206 765 3288 ἀραγμὸς,
784 3204 923 3292 inequites
939 3204 1108 3292 cujusmodi
1119 3222 1162 3266 no·

161 3328 235 3370 men
250 3305 303 3369 hic
318 3303 408 3369 locus
422 3303 584 3367 desiderat.
608 3303 641 3368 Si
653 3305 809 3389 ἐγχάραξις
821 3327 1014 3391 germanum
1026 3311 1076 3388 est,
1089 3301 1161 3392 figni-

161 3408 273 3472 ficatur
294 3405 475 3490 insculptio‚
496 3428 558 3491 qua
579 3407 705 3491 corpori
727 3409 836 3495 sigurae
858 3409 1124 3496 impungerentur,
1139 3416 1162 3467 et

160 3497 243 3571 forte
263 3526 337 3568 vera
357 3504 452 3568 lellio
473 3504 568 3567 suerit
591 3506 637 3567 καὶ
665 3505 759 3592 κρίνων
782 3508 953 3593 ὅγχαράξεις
975 3511 1023 3573 seul
1042 3505 1162 3592 neptim

159 3607 306 3692 ἔναρίιξεις.
349 3607 397 3669 At
421 3604 485 3669 boc
512 3606 595 3669 torte
614 3605 744 3692 longius
771 3629 790 3671 a
818 3608 1023 3674 similitudine
1049 3608 1162 3694 vulgate

157 3711 319 3795 scripture
342 3709 441 3773 abelse
459 3708 633 3793 judicetur.
672 3712 789 3796 Neque
806 3714 961 3798 probatur
974 3714 1066 3781 nobis
1077 3707 1161 3777 Mai·

159 3811 234 3874 rinei
250 3809 403 3896 ἑγκράξεις,
420 3806 650 3901 inclamationes.
696 3812 821 3897 Itaque,
838 3813 858 3875 fi
875 3813 1003 3901 legatur
1023 3804 1162 3904 uglruwl

156 3912 302 3992 τυμπάνων
330 3910 480 3995 ineptiae,
509 3911 684 3974 annulorum
708 3926 967 4001 tympanorumque
990 3914 1160 4004 eoneuffletttr

157 4011 357 4086 habebimus,
373 4008 427 4072 nist
449 4030 554 4072 reram
573 4009 755 4090 labdonem,
780 4026 814 4075 at
835 4035 919 4094 eam,
944 4016 976 4080 in
1000 4017 1087 4105 cujus
1104 4031 1159 4098 pro<

156 4109 320 4174 habilitate
334 4109 427 4173 nobis
441 4110 639 4196 acquiescere
652 4109 766 4176 liceat.
785 4114 936 4200 fiquidem
952 4119 1041 4206 κρίκοι
1053 4119 1104 4182 fint
1114 4134 1158 4179 unz

155 4203 225 4277 n'uli
247 4222 443 4292 catenarum,
458 4211 573 4305 quibus
594 4211 640 4280 illi
653 4213 839 4297 secerdotes
858 4219 1039 4303 quatiendis
1053 4218 1105 4296 te'
1097 4212 1157 4283 nvi·
