2684 5258
282 752 339 822 DII
358 752 584 814 AUDIENDIS
604 753 750 815 POETIS.
769 775 798 834 p.
808 755 857 815 26.
870 755 984 826 C-27.
998 758 1033 815 C.
1112 756 1172 816 253

149 915 228 998 piton*
242 920 403 997 ἆνῆλισκον,
417 917 543 999 αἰνύμενοι
562 916 611 992 erl,
625 917 714 992 andree
733 920 833 997 αὐτῶν,
850 918 950 982 ἔλαθον
962 917 1034 982 ὤνιον
1048 917 1111 996 ὅλην
1127 924 1174 998 τὴν

154 1019 272 1107 meld«
287 1023 467 1097 ποιήσαντες,
483 1019 592 1092 ἑαυτούς
609 1045 640 1082 τε
657 1019 753 1093 δούλως
773 1028 827 1082 τῶν
847 1020 979 1098 κακῖςων,
1001 1023 1043 1083 ἐπὶ
1060 1028 1101 1106 τῷ
1121 1030 1175 1084 τῶν

160 1123 289 1200 βιλτιὸνων
310 1120 419 1209 ἄρχειν.
443 1142 474 1206 p.
490 1135 566 1204 495.
581 1123 616 1183 F.
641 1135 716 1204 515.
731 1120 769 1183 Β.
792 1133 867 1204 591.
884 1120 924 1184 C.
946 1136 1020 1204 592·
1037 1122 1076 1186 C.
1099 1121 1173 1206 998.

164 1222 196 1288 l.
218 1226 308 1288 1062.
324 1224 363 1287 B.
408 1222 459 1286 De
478 1220 720 1285 Atheniensrum
743 1221 952 1308 Demagogis,
967 1244 1007 1285 ex
1025 1222 1176 1287 interiore

168 1324 334 1390 Grecorum
358 1339 464 1388 rerum
488 1321 683 1409 cognitione,
703 1321 842 1386 differuit
856 1323 1085 1388 Valckenarius
1100 1324 1173 1388 nos·

170 1436 207 1488 ter
216 1425 245 1489 in
254 1425 396 1490 Diatrib.
411 1423 451 1486 ad
465 1423 607 1509 Euripid.
625 1426 649 1486 F
650 1445 751 1509 ragin.
768 1422 848 1508 Cap.
864 1424 991 1487 XXIII.

204 1530 246 1592 26.
258 1526 296 1591 C.
317 1524 454 1613 Ἀτρείδη,
468 1532 512 1588 νῦν
525 1524 657 1610 aluph]
685 1524 776 1588 Iliad.
792 1527 834 1588 A.
848 1545 902 1611 59.

203 1630 245 1693 26.
256 1630 298 1693 D.
321 1631 406 1690 -et‘
421 1628 450 1704 ἢν
463 1626 714 1711 Ἀγαμέμνονα-]
742 1626 834 1690 Iliad.
845 1629 888 1692 A.
905 1648 957 1712 90.

202 1733 245 1793 26.
257 1731 300 1794 D.
317 1729 385 1804 Ἂψ
400 1734 424 1802 ἐς
438 1729 547 1812 κωλεὸν]
575 1726 665 1790 Iliad.
677 1732 720 1791 A.
736 1747 809 1792 220.

201 1833 245 1895 26.
258 1834 296 1896 Ε.
320 1829 473 1918 Δακςῦσας
487 1829 643 1916 ὴάςωμ]
669 1828 759 1893 Iliad.
775 1830 818 1893 A.
832 1848 907 1915 349.

202 1933 245 1997 26.
260 1934 295 1997 Ρ.
317 1932 395 1994 οὐδὲν
421 1933 520 2017 nimie
543 1931 587 1992 eet
612 1932 736 2016 ἔςοπικὸν
758 1930 918 2014 ἕποίησμ]
953 1930 1092 1996 Reissrius
1117 1955 1176 2019 pro

172 2034 273 2117 tperrxtr
287 2031 426 2095 malebat
439 2032 564 2115 ρωπικόν,
574 2029 744 2115 sordidum,
759 2028 879 2108 humile,
891 2030 1048 2115 plebeium,
1064 2031 1104 2096 de
1115 2054 1175 2097 cu·

169 2128 210 2217 jus
227 2133 306 2198 rocis
333 2133 486 2219 potestate
510 2130 654 2194 dicemus
677 2130 760 2194 infra
780 2130 821 2193 ad
845 2152 878 2216 p.
892 2150 967 2216 495.
983 2132 1031 2196 C:
1058 2133 1090 2196 in
1113 2156 1178 2220 que

135 2266 142 2277 ·
173 2234 329 2298 mutatione
352 2230 527 2319 probanda,
552 2245 590 2294 ut
614 2230 731 2295 abillo
753 2231 909 2313 dissentio,
933 2232 978 2297 ita
1001 2234 1103 2299 fateor
1123 2258 1178 2301 me

174 2332 321 2421 aliquando
336 2357 410 2398 curn
427 2333 482 2396 illo
495 2331 673 2396 consenfille
696 2331 728 2395 in
746 2332 954 2418 improbanda
969 2334 1097 2422 vulgata
1110 2337 1177 2401 lec-

173 2434 250 2516 tione,
265 2459 338 2524 quae
357 2434 438 2497 milri
452 2456 516 2497 non
532 2433 603 2499 satis
623 2455 698 2497 cum
719 2434 870 2520 adjundto
889 2438 988 2523 αἰχρὸυ
1009 2438 1178 2503 convenire

174 2536 336 2603 ridebatur:
367 2536 504 2620 indeque
526 2537 657 2621 ἑταιρικὸν
670 2535 719 2599 vel
738 2537 834 2600 srrnile
849 2537 925 2623 quid
940 2539 1106 2605 malebam.
1144 2544 1177 2604 I-

175 2636 232 2703 dem
244 2662 329 2705 error
342 2653 376 2703 et
391 2637 516 2700 mihist
532 2636 663 2716 Beilltio,
678 2650 712 2700 et
727 2637 822 2702 credo
835 2638 904 2723 aliis
919 2641 1012 2723 laepe,
1027 2642 1179 2707 firnilibus

177 2736 204 2801 in
220 2741 302 2819 locis,
318 2740 423 2805 obfuit
429 2764 438 2818 3
462 2752 500 2801 ut
513 2738 585 2801 duae
608 2738 747 2822 pluresve
760 2760 852 2802 voces
871 2738 903 2802 in
924 2741 1035 2806 endem
1050 2767 1083 2807 re
1098 2768 1177 2809 con·

170 2835 273 2921 juncte
294 2836 377 2905 iderti
400 2839 584 2926 fignificare,
607 2853 663 2901 aut
682 2851 769 2901 certe
790 2839 1030 2923 fignificationes
1044 2843 1114 2907 suas
1127 2844 1178 2907 in·

174 2939 255 3005 ricem
269 2942 516 3019 communicare,
532 2940 709 3004 videantur.
745 2938 843 3026 Quod
861 2940 1002 3024 profedto
1018 2942 1105 3006 secus
1119 2946 1178 3008 est:

172 3045 250 3112 veluti
267 3048 329 3113 hoc
350 3048 424 3112 loco
438 3047 643 3133 Agamemnon
664 3043 710 3107 nil
729 3056 811 3132 turpe
831 3068 883 3107 nec
904 3046 1078 3110 amatorium
1089 3049 1180 3135 fecit,

173 3166 222 3212 non
235 3171 273 3214 eo
285 3148 382 3227 salet,
403 3161 440 3211 ut
454 3147 628 3210 amatorium
648 3168 706 3231 pro
725 3147 804 3233 turpi
822 3145 1005 3211 habendum
1020 3150 1179 3238 accipien-

173 3244 293 3338 dumque
308 3250 365 3329 fit3
389 3247 442 3312 sed
456 3269 505 3311 res
523 3247 588 3333 ipsa
606 3246 783 3310 declaratur
797 3259 830 3310 et
843 3246 975 3326 laetum,
991 3263 1027 3312 ut
1040 3251 1082 3313 est
1095 3248 1181 3337 apud

173 3344 334 3417 Homenrm
351 3349 444 3414 Iliad.
454 3352 496 3413 A.
510 3369 581 3434 113.
592 3369 666 3433 310.
697 3352 822 3413 Poterat
834 3352 1057 3436 Agamemnon
1072 3355 1179 3443 Chry·

171 3448 255 3519 selden
276 3453 445 3518 dimittens
466 3451 584 3538 aliquid
606 3467 695 3537 turpe
718 3454 831 3531 lacere,
855 3469 979 3539 poterat
1000 3470 1033 3520 ct
1055 3471 1178 3523 amato-

172 3550 248 3636 rium,
269 3557 367 3643 idque
387 3555 436 3620 vel
459 3571 564 3641 turpe,
589 3556 636 3619 vel
656 3578 719 3619 non
736 3570 847 3642 turpe:
875 3579 961 3621 nunc
976 3558 1092 3623 lrorurn
1107 3580 1178 3622 orn·

173 3652 243 3719 nium
258 3655 340 3719 nihil
355 3654 441 3719 fecit.

206 3758 249 3820 26.
263 3759 298 3820 F.
320 3756 376 3818 Τὸν
388 3756 438 3835 μὲν
455 3753 511 3836 ἐγὼ
524 3752 706 3839 βέλευσα-]
733 3756 882 3840 Ωυειωοτ
896 3755 929 3817 hi
945 3756 1046 3819 versus
1061 3754 1092 3818 in
1107 3779 1179 3821 onr-

173 3851 249 3924 1llbus
268 3860 406 3924 Homeri
425 3858 588 3923 codicibus
608 3859 783 3938 desiderati
798 3874 831 3923 et
853 3861 911 3925 hac
934 3883 997 3925 una
1020 3863 1182 3929 Plutarchi

177 3962 319 4026 mentione
342 3960 477 4047 cogniti,
499 3961 607 4025 locum
629 3963 720 4025 suurn
742 3961 923 4027 habuerunt
947 3964 1038 4029 Iliad.
1059 3968 1085 4030 I.
1104 3965 1180 4052 456.
1218 3962 1221 3969 ’

175 4059 242 4127 unde
255 4064 322 4149 poll
336 4062 517 4126 Barnefiurn
533 4062 680 4127 nonnulli
694 4085 748 4126 eos
762 4062 899 4127 editores
914 4066 1100 4131 retulerunt.

210 4181 237 4247 p.
251 4180 303 4248 27.
319 4165 363 4227 A.
384 4165 430 4226 riv
444 4162 611 4250 Μελέαγρον
626 4165 818 4249 ἐπεισάγει-]
837 4165 916 4229 Idem
933 4170 1060 4233 Phoenix
1071 4170 1183 4233 inducit

175 4251 367 4351 Meleagrum.-
391 4261 507 4327 ibidem
524 4263 613 4327 Iliad.
625 4266 651 4326 I.
664 4280 737 4348 525.
755 4266 816 4352 seq.

208 4379 252 4447 27.
265 4369 309 4431 A.
345 4367 489 4447 ὲφιςάντας
515 4370 560 4431 τὸν
585 4366 651 4454 νέον]
692 4379 834 4433 attentum
857 4372 1009 4435 reddentes
1026 4375 1181 4459 juvenem.

176 4453 241 4530 Vide
255 4490 313 4533 nos
327 4467 368 4533 ad
383 4491 414 4554 p.
430 4485 479 4553 17.
495 4472 531 4534 E.

212 4586 255 4651 27.
270 4575 307 4637 B.
331 4574 368 4636 Al
381 4579 439 4660 γὰρ
451 4575 569 4661 ἐμεῡ-]
596 4573 703 4660 odyss.
719 4577 758 4640 Z.
775 4594 846 4656 244.

213 4687 257 4752 27.
272 4675 312 4739 C.
334 4674 445 4740 Οὗνεκα
458 4686 511 4742 τῶν
523 4679 573 4759 μὲν
587 4678 714 4763 δῶςα-]
742 4677 850 4765 Odyll.
861 4674 898 4743 Σ.
916 4678 987 4742 281.
1102 4715 1106 4723 ·
