2684 5258
257 733 314 800 DE
328 736 461 799 RECTA
473 740 677 800 AUDIENDI
690 740 882 837 umor-413.
893 743 1025 818 paon.
1095 749 1156 801 ειυ

135 911 303 988 guntur:
330 925 360 965 v.
376 924 406 968 c.
452 901 540 987 Opp.
568 903 656 967 Mor.
682 924 714 989 p.
730 921 783 989 23.
805 903 844 967 B.
870 903 1003 985 ὠνόμακε.
1038 922 1091 988 43.
1115 903 1156 977 C,

135 1022 258 1079 εκηκεν,
274 1000 331 1065 ubi
349 1000 382 1065 in
404 1001 538 1065 nostram
558 1000 743 1080 editionem,
758 996 868 1066 ¹nescio
885 1024 949 1087 quo
966 1002 1049 1080 casu,
1071 1001 1159 1066 venit

135 1124 270 1179 σκησενε
299 1120 375 1186 399.
391 1101 433 1165 Α.
456 1115 490 1164 et
511 1102 585 1183 864.
601 1102 644 1165 A.
667 1101 853 1189 ἀνηγόρευκεν.
881 1121 954 1181 402.
972 1103 1009 1165 B.
1024 1100 1159 1165 πέπαυκε.

135 1218 205 1287 μη.
220 1202 262 1264 Ε.
275 1200 417 1287 ηὐκόςηκε.
448 1202 521 1285 835.
536 1203 579 1266 A.
592 1201 712 1284 ἤκμακε.
735 1203 808 1287 873.
821 1205 860 1266 E.
875 1203 1039 1288 ἂεῆγῐελκε.
1064 1221 1159 1286 1113.

135 1304 167 1368 F.
190 1301 345 1366 κεκώλυκε.
381 1302 528 1366 Vitarum
549 1325 583 1389 p.
597 1304 671 1366 618.
687 1304 725 1367 B.
746 1304 992 1391 παρεσκευάκασι.
1023 1303 1097 1369 682.
1113 1305 1158 1368 D.

135 1402 259 1469 Ηευκεν.
283 1419 357 1489 712.
371 1405 410 1469 C.
425 1406 591 1491 συνῳκήκει
615 1404 666 1469 sed
681 1404 722 1470 do
738 1403 1070 1491 Plusquam-perfeffls
1083 1403 1160 1469 alibi

135 1506 294 1573 dicemus:
316 1508 466 1593 ἤνᾶγκακα
485 1523 522 1571 ut
541 1509 622 1573 bene
641 1500 792 1573 Graecum
813 1509 937 1595 probat,
952 1508 1099 1592 ἁνῆγκακα
1122 1519 1160 1572 ut
1272 1506 1273 1510 ’

135 1609 286 1696 populare
307 1607 559 1674 Alexandrinum
580 1608 738 1695 improbat
758 1610 972 1695 Etymologus
987 1611 1101 1696 Magn.
1124 1610 1157 1673 in

137 1707 198 1775 hoo
217 1733 317 1775 vooe:
340 1709 522 1775 Dinarchus
535 1709 591 1774 Or.
607 1708 692 1773 Adv.
706 1708 870 1773 Demosth.
894 1729 926 1794 p.
943 1729 996 1793 99.
1011 1710 1064 1771 A:
1087 1713 1160 1770 ἁεου

140 1808 285 1895 timo.
322 1811 360 1874 In
383 1810 486 1874 nostro
499 1809 571 1874 loco
585 1831 650 1873 una
662 1809 704 1873 est
718 1808 849 1873 varietas
863 1807 1026 1872 Harleiani
1040 1808 1162 1874 codicis

140 1910 346 1998 migma,
358 1932 429 1996 quae
446 1909 498 1972 nis1
513 1931 596 1987 vera,
612 1908 714 1995 magis
730 1923 836 1973 tamen
852 1909 962 1994 proba,
977 1907 1147 1972 estiorma.

185 2013 233 2093 48.
245 2013 291 2076 D.
312 2011 357 2074 ἵνα
373 2014 412 2093 μὴ
433 2014 573 2092 συφιςεκὴν
594 2009 648 2087 ἴξιν
666 2009 733 2091 μηδὶ
755 2012 880 2095 ἶςυρεκὴν,
895 2011 961 2070 ἀλλ’
976 2008 1160 2094 {Momm}

150 2112 279 2193 φιλόσοφον
295 2108 493 2196 λαμὲάνωμεν]
520 2111 737 2196 Opponuntur
749 2112 873 2192 συφεςικὴ
888 2107 941 2186 ἕξις
953 2123 987 2173 et
1001 2108 1161 2186 ὅνὸιᾶθετυς,

153 2210 312 2299 dequibus
333 2211 471 2274 diximus
492 2209 532 2274 ad
554 2232 587 2296 p.
609 2230 664 2291 44.
686 2211 730 2275 D.
756 2211 888 2274 intentus
909 2210 1027 2275 babitus
1043 2211 1161 2299 solidus

155 2313 309 2401 afirmat,
325 2311 479 2401 sophistico
499 2314 543 2376 ad
566 2313 725 2400 opinionem
749 2325 930 2400 comparato:
959 2313 1036 2379 item
1057 2336 1162 2402 oppo-

156 2428 256 2480 nuntur
269 2414 413 2500 φιλόσοφος
427 2426 461 2477 et
477 2417 590 2500 ἶςορικὴ,
608 2435 744 2500 quorum
758 2413 811 2477 hic
830 2426 956 2478 tantum
971 2415 1071 2480 noscit
1090 2416 1166 2502 quid

146 2512 251 2598 fame
265 2516 362 2582 etiam
377 2538 468 2602 quare
477 2516 533 2600 fit.
570 2515 721 2580 Latinum
743 2516 861 2580 habitus
880 2516 976 2603 vulgo
998 2541 1062 2582 non
1079 2518 1162 2584 reoio

157 2615 289 2702 weipitur
308 2637 367 2701 pro
381 2615 508 2701 solertia
526 2631 580 2704 per
598 2617 827 2704 consuetudinem
849 2629 876 2680 et
896 2619 979 2703 usum
998 2620 1161 2707 acqufitas

159 2715 195 2778 est
207 2716 287 2780 enim
308 2716 362 2795 ἕξις
380 2717 506 2802 proprie
526 2715 617 2796 illud,
630 2716 718 2802 quod
736 2716 847 2802 ἔχομεν,
867 2717 899 2780 in
915 2718 1012 2802 iisque
1030 2721 1161 2784 censen-

160 2825 200 2881 tur
210 2818 342 2904 scientiae
361 2830 395 2881 et
417 2818 554 2906 virtum,
573 2818 701 2882 auoiore
717 2816 883 2882 Aristotele
906 2818 1056 2904 Categor.
1080 2821 1162 2908 Cap.

161 2932 186 3001 5.
201 2933 229 2986 et
244 2923 276 2986 6.
298 2933 333 2986 et
353 2920 536 3007 Metaphys.
555 2922 613 2985 IV.
630 2939 682 2986 20.
704 2919 790 2984 unde
811 2920 928 2985 fluxisse
947 2921 1092 2986 videntur
1112 2946 1161 3003 ea,

163 3039 218 3105 quae
235 3021 377 3110 praecipit
398 3021 511 3087 Cicero
531 3024 654 3086 Invent.
670 3023 714 3086 11.
730 3043 761 3107 9.
784 3043 924 3107 quocum
939 3021 1164 3110 conjungenda

164 3120 425 3189 suntAiistotelica
438 3122 585 3208 Metaph.
601 3122 629 3187 1.
647 3142 698 3202 24,
715 3142 766 3207 25.
789 3126 829 3188 V.
844 3143 898 3206 53.
935 3123 1021 3190 Hinc
1044 3124 1161 3192 inteili-

164 3221 266 3309 godus
280 3223 392 3292 Cicero
407 3225 487 3311 Leg.
502 3226 528 3287 Ι.
543 3229 593 3292 16.
608 3238 642 3291 et
656 3224 731 3291 alibi
744 3223 884 3293 subinde.
