2684 5258
153 298 215 350 2⁸0
298 287 338 346 D.
348 288 400 346 W.
413 285 621 346 ANIMADV.
641 287 688 346 IN
710 287 948 347 PLUTARCHI
969 286 1047 346 LIII.

157 449 235 515 ficet
249 471 361 536 parum
376 449 413 514 srt
425 449 657 537 exemplorum,
671 471 731 514 nec
746 447 829 513 mihi
843 448 924 512 alibi
940 447 1084 513 lenum
1104 470 1180 509 mn·
1223 455 1225 466 ²

150 557 292 637 ’τεχνικῶς
305 550 424 636 legitur
438 550 472 614 in
491 550 609 615 Pericle
630 572 662 637 p.
679 565 751 634 152.
774 551 820 613 F:
851 549 940 613 reete
959 546 1181 634 repudiaturab

161 655 208 719 Η.
223 651 388 739 Stephano
402 651 442 716 ad
462 673 537 716 eum
559 651 668 715 locum
682 664 715 714 et
730 650 763 715 in
777 649 874 715 Thes.
888 653 931 714 L.
947 651 1010 713 Gr.
1025 650 1065 713 T.
1080 648 1137 712 III.
1154 669 1181 732 p

163 771 258 838 1434.
273 753 325 818 A:
348 765 382 816 et
403 753 489 818 abest-
508 765 614 817 totum
636 751 669 815 in
691 749 802 815 codice
822 749 1008 815 Moscuenfi
1031 749 1055 834 ν]
1076 773 1181 811 man·

159 861 276 941 χνινὸς,
290 867 324 918 at
339 853 371 917 in
386 852 498 917 codice
513 853 667 917 Parifieufi
683 852 802 940 legitur
815 853 838 939 ι]
850 857 1001 938 τιχνινῶς.
1033 851 1113 914 Haec
1125 867 1181 933 pan

163 953 296 1019 nimium
314 965 425 1041 eurata
442 953 716 1039 reprehentionem
730 953 847 1018 habere
861 965 1015 1038 poterat3
1038 947 1183 1037 Equidem,

157 1053 268 1144 judice
297 1052 465 1120 Aristotele
492 1053 612 1118 Poetis.
633 1056 693 1119 VI.
719 1061 734 1132 ἡ
759 1055 786 1116 II
813 1052 877 1130 ὄψις
901 1052 1115 1139 ψνχιογονγιιιὸν
1133 1049 1183 1130 μὲν,

160 1153 356 1240 ἂπχνῶτατον
369 1156 410 1235 δί,
430 1154 476 1235 κο]
490 1157 572 1233 ἦιιςοι
588 1160 680 1219 οἰκεῖον
699 1160 747 1231 τῆς
764 1159 925 1232 ποιητικῆς.
961 1155 1014 1219 Ex
1035 1151 1086 1216 his
1098 1149 1184 1214 tribus

163 1253 237 1332 λέξις
251 1255 294 1320 est
308 1258 490 1336 ἢθιοιῶτοιτον,
508 1257 676 1343 plurimam
697 1255 796 1321 habet
810 1277 888 1320 euru
903 1255 1051 1320 moribus
1065 1249 1183 1338 eonjuu·

164 1355 326 1421 &ionemt
349 1356 454 1435 oratio,
466 1358 620 1423 verbenam
634 1357 761 1421 &kaus
778 1369 807 1420 ct
820 1356 1005 1445 compatris.-
1027 1351 1183 1441 quamde·

164 1453 237 1536 finit
251 1453 435 1524 Aristoteles
448 1455 470 1520 l.
482 1477 510 1523 c.
524 1461 572 1534 τὴν
585 1459 630 1520 διὰ
643 1461 690 1532 τῆς
704 1455 852 1538 ὀνομασίας
867 1453 1020 1543 ἑρμηνείαν.

210 1571 263 1642 79
278 1557 317 1623 Β.
339 1559 549 1645 πανηγυρικῶν]
573 1557 784 1643 inposuimus
798 1556 840 1622 ad
854 1580 886 1643 p.
896 1559 929 1630 6.
941 1558 987 1623 Α.

210 1670 262 1742 79.
279 1655 319 1721 C.
341 1656 481 1744 σάρκινον]
512 1657 569 1721 Per
594 1655 817 1742 metaphoram
840 1655 883 1720 de
907 1653 979 1720 aliia
1001 1653 1185 1742 corporibus,

167 1760 354 1828 rnriffimum
374 1763 418 1827 est
438 1762 479 1827 de
501 1763 594 1827 rebus
609 1761 795 1842 moralibus,
810 1760 908 1847 idque
930 1761 965 1825 in
985 1761 1106 1824 bonam
1122 1779 1183 1843 pu·

166 1874 255 1926 tem:
279 1885 354 1928 nam
374 1862 482 1929 animo
503 1862 569 1927 fere
589 1863 775 1948 opponitur,
794 1862 942 1950 Sympos.
956 1862 1055 1927 VIII.
1077 1882 1108 1948 p.
1123 1874 1184 1944 745.

167 1960 210 2027 Fa
233 1961 317 2027 Adv.
333 1963 441 2028 Colot.
456 1982 490 2049 p.
508 1980 602 2030 1122.
616 1964 669 2028 D:
694 1962 783 2028 Plato
797 1965 878 2050 Leg.
892 1963 956 2027 xl.
976 1983 1010 2048 p.
1024 1965 1097 2047 673.
1107 1962 1142 2026 Β.
1155 1971 1186 2024 ut

166 2062 243 2130 elias
258 2065 343 2153 σᾶςξ.
380 2065 445 2130 Ηίο
463 2079 555 2130 notat
570 2065 789 2131 discendarum
808 2071 915 2130 r'emm
933 2063 1102 2130 materiam
1114 2060 1187 2147 quai

167 2176 310 2228 teneram
324 2177 358 2230 et
372 2164 577 2245 fmtiuosam,
600 2164 833 2249 nutrimentum
852 2164 1005 2251 augendo
1019 2165 1126 2229 animo
1137 2184 1187 2246 ap·

167 2277 268 2329 tum.'
295 2265 348 2330 Sic
366 2264 408 2330 de
425 2266 660 2333 medicamento
680 2287 714 2354 p.
728 2284 783 2349 54.
797 2266 837 2328 E.
858 2267 890 2327 τῦ
912 2272 1035 2353 οοιςκοῦν
1052 2269 1099 2340 τῆς
1117 2256 1186 2325 tati·

166 2394 249 2450 μενος.
285 2387 356 2454 130.
367 2368 410 2432 A.
425 2368 488 2454 ἰχὺν
501 2375 672 2456 sapasim.
708 2365 901 2451 Conferatur
915 2368 963 2432 H.
976 2364 1092 2454 steph.
1104 2361 1197 2430 thes.

167 2471 561 2556 LQQMpm.

210 2588 263 2658 79.
280 2571 320 2636 C.
342 2572 504 2657 Σιμωνίδης]
530 2571 720 2637 Notavimus
736 2571 776 2634 ad
792 2592 824 2656 p.
837 2589 891 2651 41.
904 2573 941 2634 F.
1189 2654 1191 2666 Ι

210 2689 263 2759 79.
276 2674 319 2739 D.
343 2674 476 2751 Habeam
491 2675 513 2759 ι]
528 2675 818 2758 Ξενοφῶντι-χνοῦν]
840 2674 893 2737 De
906 2686 1101 2759 argumento
1116 2691 1187 2756 pre·

167 2773 251 2836 clara
272 2773 368 2836 exstat
386 2776 516 2837 Senecae
531 2773 627 2857 Epist.
645 2774 767 2838 CVIII.
784 2772 868 2837 unde
883 2772 1034 2858 quaedam
1049 2771 1187 2858 apposui-

167 2892 239 2934 mus
260 2871 300 2935 ad
322 2893 354 2955 p.
368 2891 423 2956 30.
440 2872 480 2936 C.
516 2874 731 2959 Ἀποδρὲπειθοις,
749 2875 909 2972 decerpere,
932 2889 971 2937 ut
993 2874 1122 2960 simplex
1133 2872 1189 2960 tq}

33 2964 36 2971 ¹
166 2977 268 3052 πιθα,
290 2973 379 3060 quod
400 2975 580 3039 notavimus
601 2976 642 3075 ad.
664 2998 696 3062 p.
711 2996 766 3060 43.
783 2977 829 3040 C:
853 2978 957 3063 δρόσος,
974 3001 1034 3057 νον,
1054 2976 1190 3054 suaviter,

168 3073 317 3160 fiquidenr
330 3075 443 3138 cicada
456 3099 519 3138 rore
537 3077 722 3162 pascuntur:
742 3084 837 3161 χνοῦς,
851 3077 977 3163 lanugo,
991 3102 1066 3164 quae
1086 3079 1118 3142 in
1137 3098 1190 3164 po·

168 3174 240 3252 mis,
256 3173 425 3261 juventute
444 3175 610 3240 hominum
635 3175 883 3261 animaliumque
904 3178 1121 3262 quorumdam
1137 3199 1190 3263 ap·

168 3291 271 3362 paret,
293 3275 457 3362 eleganter
478 3277 665 3341 transfertur
683 3276 725 3340 ad
745 3277 897 3353 orationis
919 3278 1138 3365 integritatem
1157 3301 1191 3344 aa

169 3377 380 3443 teneritatem.
418 3378 470 3441 Sic
491 3378 661 3464 Dionyfius
684 3377 790 3456 Halic.
812 3378 1002 3465 aliquoties:
1026 3383 1080 3447 De
1095 3383 1191 3447 Com·

168 3481 260 3569 posit.
286 3481 365 3566 Cap.
383 3481 488 3548 XXV.
513 3501 546 3565 p.
563 3499 617 3567 30.
656 3481 708 3544 De
729 3481 896 3546 Demosth.
918 3483 961 3548 Vi
984 3482 1068 3569 Cap.
1083 3486 1139 3549 LI.
1161 3504 1191 3568 p.

172 3602 244 3668 194.
264 3602 451 3667 comparans
472 3594 611 3647 oratores
632 3581 806 3667 pictoribus
826 3582 923 3649 οιτίλοι
944 3583 966 3668 ι]
986 3591 1072 3668 χνοῦς
1093 3583 1192 3668 expri-

170 3682 342 3766 mentibus.
379 3682 446 3767 Ep.¹
456 3681 498 3751 ad
518 3683 656 3768 Pompei.
674 3683 756 3767 Cap.
775 3673 819 3746 II.
842 3705 874 3768 p.
891 3699 971 3768 127:
993 3682 1036 3747 de
1060 3683 1194 3749 Platonis

170 3783 370 3871 ditiione„s',
388 3809 418 3845 τε
439 3789 518 3857 visos
536 3789 605 3870 αὐτῇ
626 3782 671 3862 no)
688 3792 771 3868 χνοῦς
788 3790 834 3860 τῆς
851 3785 1036 3870 ἀρχαιότητος
1049 3785 1137 3872 ἠρέμα
1151 3783 1194 3862 κο)

170 3885 326 3961 λεληθότως
348 3882 495 3969 ἐπιτρέχει,
517 3882 635 3968 χλοερόν
655 3883 686 3954 ον’
707 3910 734 3950 τι
755 3882 801 3962 νιν]
821 3887 934 3961 τεθηλὸς
951 3885 999 3964 καὶ
1020 3889 1104 3966 perfia
1126 3885 1193 3972 ὅςας

170 3986 327 4062 ἀναδίδωσι,
348 3985 426 4049 item
447 3986 499 4048 De
520 3984 684 4048 Demosth.
710 3984 752 4048 Vi
782 3986 861 4070 Cap.
883 3987 925 4050 V.
947 4007 981 4071 p.
1005 3989 1076 4051 166.
1114 3986 1192 4051 lbid.

171 4089 363 4152 XXXVIII.
386 4108 418 4171 p.
438 4087 496 4150 186
510 4111 519 4149 :
542 4089 685 4171 -inav-ip
700 4111 740 4158 τις
754 4090 849 4159 αὐτοῖς
859 4093 943 4176 χνοῦς
957 4091 1137 4174 ἀρχαιοπινὴς
1150 4087 1192 4163 κο]

168 4187 255 4275 χᾶςις
270 4185 393 4263 attam.
427 4187 975 4276 Jamblichusvit.Pythag.§.157
992 4214 1001 4252 t
1025 4190 1192 4274 ‹inape-{pain

253 4498 408 4552 A
