2684 5258
335 740 392 802 ue
411 739 635 801 Auoieums
655 739 800 800 rosus.
820 759 849 818 p.
865 749 909 799 15.
923 738 958 800 e.
1103 749 1157 822 ¹7⁸

137 907 212 971 uae
236 903 288 969 vel
298 903 556 991 suspendebantur
570 922 585 966 e
597 902 679 983 collo,
697 917 735 967 ut
754 902 844 968 Plinii
858 901 959 967 verbis
977 915 1059 981 utar,¹
1076 903 1162 987 quod

137 1010 172 1072 est
196 1007 353 1086 ὗξᾶπῖιθαν
378 1012 415 1068 τῦ
440 1005 589 1092 τραχήλυε
620 1004 669 1068 vel
696 1003 999 1090 circumligabantur
1025 1004 1161 1089 corpori,

137 1108 218 1194 quod
237 1109 282 1173 est
303 1109 509 1195 περιάπῖιθσνι
532 1106 581 1171 vel
595 1129 651 1193 per
664 1128 700 1170 os
715 1107 940 1185 inserebantur,
963 1127 1163 1192 quacumque

137 1211 271 1291 ratione,
298 1209 450 1290 bibendo,
473 1209 610 1289 edendo,
637 1208 802 1289 sorbendo,
826 1207 990 1296 lingendo,
1011 1206 1099 1294 quod
1121 1209 1164 1272 est

137 1309 297 1393 νφὸἇνιν,
312 1324 346 1374 et
359 1310 378 1374 fi
394 1310 429 1374 lit
442 1324 516 1374 ante
529 1310 591 1399 vini
605 1310 802 1395 potationem
816 1306 1034 1396 προλαμὸάναν.
1064 1307 1164 1396 Quod

137 1434 199 1477 uon
221 1411 363 1476 attendit
384 1411 540 1489 Kreblius‚
555 1411 711 1497 accipiens
724 1409 837 1475 eodem
852 1410 951 1490 sensu,
970 1432 1035 1498 quo
1053 1408 1162 1497 proxi-

137 1534 225 1578 mum
246 1510 539 1600 σςνκαναλαμὲἄναν
557 1526 772 1599 praeoccupare,
792 1513 980 1599 praemunire,
1007 1525 1041 1576 et
1061 1510 1162 1575 inter·-

136 1600 258 1701 μενων
273 1614 428 1679 Latinum
440 1614 529 1677 secus
542 1613 726 1678 reddentem
741 1613 992 1698 reprehendens:
1012 1636 1084 1699 qua
1098 1614 1161 1700 fig-

136 1714 276 1781 nificetio
289 1728 328 1778 ut
346 1713 422 1779 alibi
433 1713 526 1792 valet,
543 1713 605 1778 hoc
625 1713 697 1777 loco
717 1712 865 1778 abhorret
878 1735 898 1778 s
912 1712 1073 1778 Plutarchi
1090 1715 1161 1778 sen-

136 1817 249 1883 unua
285 1815 339 1880 Sic
353 1815 395 1879 est
410 1813 443 1878 in
457 1814 545 1878 fimili
560 1837 592 1878 re
607 1813 752 1902 Sympos.
767 1814 796 1877 l.
810 1815 843 1877 6.
863 1833 896 1900 p.
908 1816 983 1896 624.
998 1814 1047 1877 C:
1069 1821 1123 1878 τῶν
1135 1816 1162 1878 δί

136 1915 238 2004 Apris?
251 1922 293 2001 τῷ
310 1913 425 2002 Τιὸεςῖυ
440 1915 582 2002 Καίσαρος
595 1920 643 1998 υἱῷ
655 1911 837 1996 madelmus,
853 1919 867 1976 l
880 1914 993 1988 πάντας
1010 1915 1037 1976 ἔν
1053 1919 1093 2000 τῷ
1104 1913 1162 1978 sri-

136 2042 184 2082 m
195 2015 416 2103 σροτςαόμενος
436 2016 525 2101 ἰατρὸς
543 2014 618 2076 ἑάλω
635 2022 689 2076 τῶν
705 2021 807 2097 πικρῶν
826 2012 996 2096 ἀμυγδάλων
1012 2012 1090 2079 πέντε
1103 2013 1119 2090 ἢ
1131 2015 1164 2092 ἓξ

136 2113 475 2202 W'Wltffimr
491 2116 568 2180 bene
590 2122 626 2178 τὲ
645 2119 684 2196 μὴ
705 2115 896 2196 μεθῦσνιθσν.
931 2113 1086 2178 Eamdem
1100 2115 1164 2179 vim
1220 2187 1223 2192 ¹

136 2218 301 2308 mygdali
321 2218 419 2282 refert
436 2217 636 2283 Dioscorides
650 2217 690 2281 de
705 2217 826 2282 Medic.
840 2219 959 2282 Mater.
975 2217 1002 2281 1.
1021 2217 1100 2300 176:
1124 2215 1164 2290 65.

136 2322 163 2383 li
181 2321 207 2405 i,
226 2318 356 2401 salton
367 2318 615 2407 νςολαμέανὸμενα
630 2319 690 2383 ὅσον
710 2349 722 2384 e
736 2321 752 2398 ἢ
766 2328 781 2391 ζ
789 2346 797 2383 z
821 2320 876 2384 ubi
890 2319 1072 2385 consulatur
1085 2318 1164 2384 doc-

140 2419 277 2484 tiffimus
289 2419 470 2483 Saracenos.
500 2419 658 2484 Credibile
680 2423 734 2498 cll,
756 2435 921 2507 utramque
942 2421 1077 2486 formam
1091 2419 1165 2504 ἁμί-

137 2526 266 2596 8νςνςεῑ
288 2518 423 2601 ἀμέθυσος
447 2523 477 2584 in
496 2523 552 2586 usu
575 2523 673 2586 fuilie.
718 2525 769 2587 De
788 2523 841 2587 illa
855 2522 1081 2609 significatione
1095 2545 1164 2587 ver·

137 2624 252 2688 borum
266 2620 473 2709 σρολαμὸάνειν
486 2638 519 2687 et
536 2621 695 2705 λαμὸάναν,
716 2625 863 2710 putidum
886 2625 923 2687 sit
941 2624 1086 2711 exempla
1106 2623 1166 2689 ad·

138 2726 233 2789 fem.
263 2725 335 2789 Hoc
349 2723 422 2788 loco
436 2724 468 2788 ln
482 2722 702 2811 προλαμόἇνυσν
717 2738 750 2788 et
762 2723 1005 2810 προκώαλίιμὸανε
1019 2726 1062 2789 est
1076 2746 1165 2810 quae·

141 2825 216 2890 dam
238 2826 458 2910 paronomasia*
483 2825 660 2912 elegantia:
691 2825 731 2888 de
752 2848 815 2911 qua
837 2824 979 2889 dicemus
1000 2824 1033 2887 in
1057 2824 1168 2890 Indico

140 2927 372 2991 Grammatico.

183 3046 233 3114 15.
248 3029 288 3093 Β.
312 3026 520 3114 νῦαγωγντέραν
537 3032 586 3092 ini
603 3039 656 3093 τῶν
675 3030 788 3093 roieiron
808 3026 891 3113 irai]
918 3027 982 3092 Hic
999 3028 1072 3091 usus
1092 3048 1167 3115 pro·

139 3129 277 3196 nominis
290 3136 397 3203 τοιότος
416 3131 522 3194 minus
539 3130 624 3216 apud
644 3132 721 3196 alios
738 3132 902 3219 scriptores
916 3131 1064 3217 frequens
1077 3152 1116 3194 ex
1130 3129 1168 3193 iis

139 3233 191 3311 est,
207 3229 265 3318 qui
279 3251 333 3293 me
347 3251 465 3294 novum
479 3231 511 3294 in
535 3231 694 3296 Plutarchi
709 3231 936 3296 confuetudine
950 3232 990 3295 ad
1005 3232 1166 3318 corrigen-

142 3330 216 3397 dum
235 3331 450 3396 induxerunt:
475 3347 508 3396 et
529 3332 591 3397 hoc
607 3333 736 3418 quidem
752 3332 823 3398 loco
841 3355 899 3419 pro
917 3343 970 3397 τῶν
988 3334 1101 3398 rosim
1118 3356 1168 3398 re-

141 3433 264 3520 tingens
278 3441 332 3498 τῶν
346 3441 479 3512 ποιητῶν,
495 3454 564 3497 vere
578 3434 657 3497 mihi
673 3447 706 3497 et
719 3449 813 3497 acute
826 3433 920 3521 egill'e
933 3434 1072 3499 videbar.
1099 3435 1169 3498 De·

144 3534 249 3620 nique,
275 3534 437 3597 observata
455 3534 692 3612 consuetudine,
716 3534 777 3598 ridi
799 3558 851 3599 me
873 3537 949 3600 falso
970 3549 1004 3600 et
1025 3537 1171 3621 imperite

146 3636 250 3723 egiffe.
276 3637 327 3698 lta
341 3634 532 3698 admonendi
545 3636 617 3699 sunt
629 3637 762 3700 lectores
777 3629 907 3722 profiter
919 3636 1065 3701 eamdem
1080 3636 1170 3698 caus·

146 3737 220 3814 lam,
236 3758 302 3821 qua
323 3737 415 3820 supra
436 3757 491 3798 eos
515 3756 548 3820 p.
567 3755 616 3815 14.
637 3738 675 3799 E.
701 3736 936 3800 admonuimus.
981 3735 1034 3797 Sic
1048 3735 1081 3797 in
1096 3735 1173 3799 Vita

149 3838 312 3903 Ciceronis
336 3859 369 3924 p.
381 3840 460 3901 881.
481 3840 521 3916 B,
537 3839 576 3902 C.
599 3840 675 3903 item
703 3839 742 3902 dc
766 3839 977 3902 carminibus:
1003 3843 1037 3923 τῇ
1060 3838 1087 3899 u
1110 3839 1173 3924 πρὸς
1212 3890 1216 3898 .

147 3942 192 4015 τὴν
213 3939 319 4016 ποίησιν
345 3937 456 4021 duolio
478 3937 578 4007 παίζων
604 3944 714 4025 ἐχρῆτο·
738 3937 852 4021 λίγεταν
876 3941 945 4023 γὰρ,
972 3936 1084 4015 ὁπηνίκα
1104 3937 1174 4026 ῥυέν)

151 4142 214 4223 lale,
231 4143 268 4227 ſs
288 4154 440 4228 tamquam
457 4139 589 4226 flumine
599 4142 739 4227 ferretur
760 4143 803 4205 ad
823 4143 960 4207 carminis
974 4143 1174 4231 scriptionem.

156 4242 188 4306 ln
209 4243 306 4330 hujus
332 4242 404 4306 llbrl
430 4243 490 4305 fine
515 4264 547 4326 p.
559 4245 614 4327 36.
636 4246 674 4307 E.
700 4245 811 4319 ἀλύπως
832 4243 983 4308 deoduinus
1003 4249 1177 4307 τὰτοιαῦτα

154 4344 277 4409 etitem
299 4367 358 4430 per
372 4343 600 4428 appositionem
622 4365 660 4407 ac
682 4345 812 4432 subjedii
827 4347 1038 4409 mutationem
1054 4342 1176 4408 dicium

156 4462 205 4526 pro
222 4456 315 4511 ταῦτα
335 4445 384 4509 vel
403 4450 441 4508 rel
458 4445 611 4526 ποιήματα.
647 4445 737 4512 Alios
759 4447 922 4532 plerosque
940 4446 1028 4510 locos
1044 4465 1178 4509 numero

157 4564 186 4609 sc
205 4548 325 4636 pagina
347 4546 464 4610 notasse
485 4546 636 4610 sufficiat:
660 4548 745 4633 Opp.
763 4550 851 4611 Mor.
870 4568 903 4634 p.
918 4548 969 4631 85.
987 4548 1026 4611 C.
1053 4566 1122 4629 124.
1138 4550 1175 4611 E.

158 4661 218 4736 125.
228 4654 275 4721 D.
305 4648 430 4732 136.c.
456 4667 526 4729 140.
540 4647 580 4713 C.
604 4665 677 4727 240.
691 4650 729 4712 C.
752 4668 827 4728 410.
838 4649 877 4714 B.
898 4650 974 4731 418.
986 4650 1026 4716 C.
1048 4671 1124 4736 434.
1134 4651 1177 4716 D.
