2684 5258
143 324 204 377 504
283 314 322 372 n.
337 313 390 372 w.
410 312 618 373 auruum.
639 313 686 373 ru
698 312 946 391 >rouraucrn
965 312 1038 375 un.

143 476 295 555 θῶνακτος,
313 477 501 562 &thuaneus
512 476 616 564 filius,
653 475 787 563 Bagoas,
802 475 990 555 eunuchus,
1007 473 1154 545 Alexandri
1197 489 1202 551 l

143 579 288 659 amasius,
311 579 403 666 cujus
424 580 620 645 mentionem
645 579 791 644 lecerunt
813 578 1009 657 Plutarchus
1031 578 1115 647 Alex.
1129 598 1153 665 p.
1198 596 1202 627 ³

145 698 220 763 702.
244 683 296 747 D:
329 681 508 747 Athenaeus
534 683 630 747 XIII.
653 683 729 765 603.
755 680 802 745 Br
839 668 1044 746 Curtiuo'X.
1066 700 1094 744 1.
1112 698 1154 764 ast

144 784 244 868 probe
266 782 489 847 discernendus
512 806 532 846 a
555 783 675 848 seniore
695 784 816 869 Bagou,
840 782 898 868 qui
919 782 1057 849 Darium
1070 781 1156 848 Codu-

144 905 298 947 manuum
321 905 428 968 regem
453 884 542 962 fecit,
565 885 727 969 abeoquo
748 882 1016 948 interfedluoest.
1048 883 1157 970 Agolu,

144 982 231 1068 quod
245 983 351 1059 sciam,
368 1006 432 1047 non
447 983 522 1055 alibi
535 1006 555 1047 a
569 1006 621 1053 me
635 982 736 1049 leclus
757 983 790 1047 in
809 983 992 1057 Alexandri
1011 982 1158 1049 adnatat.

144 1085 226 1151 b'us:
250 1083 376 1149 fortasse
396 1085 589 1172 significatur
610 1084 690 1171 Agis
710 1085 862 1170 Argiuus,
881 1083 925 1150 de
944 1108 1015 1172 quo
1037 1086 1120 1171 supra
1135 1107 1159 1169 p.

144 1187 197 1247 60.
214 1184 253 1249 B.
275 1198 308 1249 et
328 1184 361 1251 in
375 1184 438 1252 hoc
457 1186 530 1250 loco
551 1208 623 1249 vera
642 1186 737 1251 ledlio
757 1184 858 1270 ’Ayloa
873 1207 1046 1271 perperam
1060 1185 1160 1255 obiitin

142 1286 293 1370 Ἀγησίαις
306 1313 314 1353 r
338 1309 533 1374 quamquam
548 1286 657 1358 hocin
674 1286 782 1359 medio
795 1286 1026 1373 relinquimus.
1067 1287 1161 1357 Sedu

144 1388 207 1454 istis
229 1389 398 1455 hominum
420 1391 570 1476 pestibus,
592 1404 629 1454 ut
650 1391 757 1456 iniunt
776 1389 933 1477 cognitis,
947 1387 1160 1461 debuimurdi·

145 1514 238 1556 cere:
263 1492 303 1557 de
318 1492 522 1571 Callisthene,
538 1492 758 1571 Parmenione,
775 1491 915 1570 Philota,
931 1493 1064 1579 magnis
1078 1505 1108 1581 et
1123 1490 1160 1555 in·

146 1595 336 1659 nocentibus
359 1595 444 1673 viris,
473 1595 601 1663 illorum
626 1594 786 1660 calumnia
809 1594 1028 1674 nebulonum,
1053 1593 1160 1679 indigno

145 1695 300 1781 supplicio
322 1697 454 1773 allodiis,
477 1711 514 1760 ut
536 1696 704 1762 illustribus
722 1697 755 1762 in
778 1696 918 1773 historia,
932 1712 968 1761 et
982 1696 1026 1761 nd
1039 1699 1161 1761 omniun

145 1797 365 1883 cognitionem
380 1798 558 1877 celebratis,
574 1821 638 1864 non
653 1799 696 1862 est
714 1798 802 1885 quod
821 1797 982 1863 dicamus.
1028 1800 1098 1887 [logi
1114 1800 1161 1861 to·

147 1898 227 1975 έολῆς
242 1900 305 1975 suit
323 1899 403 1969 liber
425 1899 598 1978 Plutarchi,
617 1916 652 1965 et
663 1900 873 1986 Theophrasti
885 1917 1088 1968 memoratus
1098 1899 1161 1966 Dio-

144 1999 221 2085 geni
235 1999 363 2064 LaertIo
378 1999 516 2085 indeque
529 2003 560 2065 J.
575 2001 714 2066 Meurfio
729 2001 762 2065 in
775 2000 997 2088 Theophrasto
1013 2000 1163 2069 CCXXII.

145 2122 210 2184 quo
225 2099 257 2163 in
278 2099 360 2164 libro
377 2100 481 2165 multa
501 2099 541 2165 de
563 2101 735 2175 Alexandri
754 2100 974 2183 adulatoribus
988 2101 1113 2188 prodita
1122 2100 1162 2163 Iu·

144 2201 199 2265 isse
218 2213 343 2286 putem.
387 2203 439 2266 Est
453 2201 560 2267 adhuc
574 2202 654 2269 liber
668 2202 802 2272 Luciani
815 2205 854 2268 Τ.
868 2203 932 2271 111.
948 2226 981 2290 p.
998 2220 1071 2288 125.
1103 2204 1161 2267 Sto·

145 2301 209 2365 baei
221 2301 350 2367 Titulus
363 2302 435 2367 XL.
460 2326 492 2390 p.
507 2304 580 2388 238.
615 2304 751 2369 Antonii
764 2319 798 2368 et
816 2303 955 2381 Maximi
973 2326 1010 2390 p.
1025 2321 1097 2391 257.
1109 2304 1162 2390 agl

146 2400 237 2486 ψόγου
250 2402 272 2487 ’l
287 2399 433 2478 διαὸολῆςι
457 2403 543 2467 unde
557 2403 649 2489 plura
666 2403 706 2468 dc
720 2418 913 2490 argumento
927 2419 1090 2491 petantur.
1118 2402 1161 2477 Aa

146 2526 212 2568 rem
227 2505 414 2590 proesentem
429 2505 506 2569 facit
521 2505 643 2569 Seneca
657 2504 753 2590 Epill.
770 2504 930 2577 CXXIII.
954 2529 987 2593 p.
1003 2524 1087 2593 495:
1109 2504 1161 2568 Ho-

145 2628 212 2667 rum
223 2605 322 2690 firmo
338 2603 463 2669 multum
483 2618 580 2668 aocet:
603 2630 674 2669 aum
693 2605 806 2690 eticufi
820 2630 878 2669 non
888 2604 997 2690 statim
1014 2594 1110 2693 officit,
1117 2606 1160 2693 se·

145 2705 227 2767 mino
246 2705 277 2767 in
299 2707 395 2770 animo
420 2705 572 2793 relt'nquit,
585 2707 780 2794 sequiturque
798 2731 848 2773 nus
863 2708 956 2773 eriam
975 2733 1041 2781 cum
1059 2706 1161 2775 abillis

144 2805 361 2891 dfieffirimus,
379 2808 605 2892 rffurremrum
623 2806 720 2894 postca
735 2807 904 2881 malum.-

187 2911 241 2991 65.
253 2912 292 2986 E.
314 2911 346 2972 τὸ
368 2913 428 2998 γὰρ
448 2908 542 2985 oiebai
562 2915 600 2986 rel
619 2910 746 2984 κᾶλλμςα
765 2915 840 2992 μετὰ
857 2919 905 2975 τοῦ
925 2913 1092 3000 βούλιθη,]
1113 2911 1160 2977 li·

146 3008 260 3072 deatur
274 3007 314 3072 ad
330 3029 363 3093 p.
377 3028 432 3095 49.
446 3010 489 3072 A.

188 3110 241 3193 65.
257 3111 296 3173 E.
317 3115 380 3173 Τῶν
403 3110 453 3190 μὲν
474 3113 532 3196 γὰρ
554 3108 805 3192 τόπων-βάσιμόν
829 3112 883 3194 aa]
915 3114 1018 3195 ἀφυΐαν
1037 3111 1162 3200 expreffil

41 3295 43 3299 Α
146 3210 310 3276 Cruserius
332 3212 438 3300 uitiosa
461 3211 576 3275 indole.-
606 3213 754 3276 Erasmus
776 3212 944 3299 vulgatum
966 3217 1088 3299 εὐφυΐαν,
1100 3215 1160 3301 sor·

145 3339 235 3394 onata,
258 3314 364 3388 minus
386 3336 426 3378 ex
447 3314 505 3390 usu
522 3313 688 3390 vocabuli3
711 3318 874 3401 Amyotus
889 3330 923 3380 et
936 3315 1162 3394 conector'odi·

146 3415 243 3480 tionis
262 3415 305 3480 A.
325 3416 418 3494 1624.
441 3436 537 3501 quent
561 3436 618 3488 noa
641 3413 849 3493 reddidimus,
874 3416 941 3481 fere
964 3419 1163 3498 consentiunt,

144 3517 280 3581 caiaziam
296 3529 458 3580 acturum:
482 3516 658 3603 Xylander‚
672 3516 822 3582 natalium
837 3519 979 3600 bonitate,
995 3522 1101 3588 miuus
1113 3521 1165 3608 iple

143 3641 273 3705 ¹quoque
287 3621 327 3685 ad
342 3619 433 3683 usum
449 3619 594 3683 vocabuli
608 3620 843 3699 convenienter,
877 3622 922 3698 Et
935 3624 1039 3705 ἀφυΐαν
1051 3622 1165 3710 quidem

143 3745 200 3808 per
222 3722 254 3786 se
275 3721 397 3786 bonurn
419 3720 475 3785 dat
495 3721 637 3786 sensum:
666 3736 700 3797 at
720 3745 783 3793 non
799 3723 877 3788 item
899 3724 942 3788 ad
959 3726 1166 3805 Alexandrum

21 3874 34 3895 .
143 3821 251 3886 referri
272 3822 394 3909 potest;
419 3821 510 3909 cujus
532 3824 661 3909 propria
680 3823 750 3899 laus
772 3824 834 3889 fnit
854 3827 963 3909 εὐφυΐα,
984 3841 1105 3899 nutura
1125 3827 1166 3891 loe

142 3922 246 3984 uitas:
270 3921 332 3987 hoc
350 3921 450 4009 igitur
471 3922 638 4003 retineam,
660 3939 695 3989 et
716 3925 883 4011 accipiam,
904 3926 957 4014 qui
967 3928 1107 4016 stuperbit
1116 3925 1168 4015 fibi

140 4023 300 4108 praefidens
319 4023 370 4087 uel
387 4035 506 4112 propter
511 4023 655 4117 firtunae
671 4022 974 4114 prosperitatomud
988 4043 1109 4119 propter
1127 4031 1167 4093 ia·

139 4123 224 4206 genii
237 4125 448 4191 excellentiam.
485 4129 522 4192 In
537 4126 647 4192 eadem
663 4128 860 4213 oppositione
874 4132 1046 4217 φρονήματος
1059 4146 1093 4198 et
1105 4131 1166 4207 blas

142 4221 278 4325 posrtum
288 4224 331 4288 est
343 4246 479 4307 acunten
489 4225 653 4318 sententiae
664 4226 822 4310 Demetrii
837 4228 982 4310 Phalerei
993 4232 1080 4320 apud
1092 4232 1164 4299 Dio.-
