2684 5258
300 717 357 777 uu
376 716 601 797 uuuruuurs
621 718 768 779 νοοῖτο.
788 727 879 796 par.
893 721 925 779 r.
967 750 973 759 ·
1067 730 1125 794 aar

135 880 227 946 mine
241 880 328 969 apud
344 882 509 945 Stobaeum
529 882 631 945 Semi.
644 884 686 947 V.
703 905 735 969 p.
750 885 802 967 63.
818 880 905 946 unde
918 879 1051 947 Grotius
1065 903 1125 968 po·

135 984 157 1046 it
173 983 208 1046 iu
227 982 397 1069 Florilegio
411 983 474 1046 Tit.
484 985 526 1046 V.
549 1005 580 1068 p.
595 1003 613 1068 3
615 997 648 1067 5.
685 982 867 1049 Bruuckius
885 981 948 1046 hoc
968 981 1128 1048 Plutarchi

135 1083 216 1148 rlicio
230 1084 383 1169 Sophocli
397 1082 523 1147 afferuit
538 1086 563 1146 F
563 1105 664 1169 ragm.
682 1085 799 1148 Incert.
813 1084 874 1147 XI.
888 1104 922 1169 p.
934 1099 989 1169 37.
1077 1070 1080 1075 ⁴

144 1200 193 1267 27.
208 1187 233 1249 F
234 1233 242 1247 .
270 1183 378 1258 ἀτόποις
391 1184 544 1271 πράγμασι
560 1183 647 1268 λόγος
662 1183 1024 1270 &spumaue-mptum]
1051 1182 1127 1249 Rei-

135 1285 198 1350 lum
213 1291 397 1369 ἐπιγελῶντας
413 1286 458 1365 iu,
474 1285 577 1350 nescio
592 1284 682 1370 quid,
699 1290 829 1364 έτιαιιοῑς,
848 1288 973 1369 οὖγρνιῖς,
996 1285 1127 1371 εὐλόγοις,

135 1405 223 1455 iurare
245 1389 385 1467 rumille,
408 1412 473 1452 non
496 1389 609 1453 miror:
637 1388 742 1475 magia
759 1387 857 1453 miror
878 1389 1041 1453 Krcbfium
1059 1389 1126 1455 fre·

135 1491 246 1573 puntius
265 1513 363 1576 quam
386 1513 442 1575 par
463 1504 530 1555 erat
551 1491 620 1555 illae
641 1492 839 1579 conjeihras
859 1491 1055 1572 memoraffe,
1069 1502 1127 1557 aut

135 1604 288 1655 reparatas
312 1615 378 1655 non
403 1591 588 1677 diligentius
610 1614 649 1656 ex
676 1593 735 1657 usu
756 1593 917 1664 Plutarchi
940 1592 1126 1673 confutasse,

135 1710 199 1773 [uem
216 1705 313 1769 certe,
337 1705 374 1754 ut
392 1691 495 1756 editor
512 1691 607 1779 hujus
627 1691 737 1771 libelli,
762 1691 988 1779 pertraclatum
1010 1691 1127 1758 habere

135 1787 245 1857 libebat.
285 1794 390 1879 Igitur
411 1799 541 1880 Μιγολᾴν
562 1796 604 1858 est
628 1809 662 1860 et
683 1795 801 1875 irrideo,
829 1807 863 1858 et
885 1794 1013 1858 arrideo.
1053 1795 1127 1861 Huc

135 1889 324 1977 igniticationc
349 1894 410 1958 hoc
432 1894 504 1958 loco
526 1895 626 1959 valet:
657 1910 693 1959 ut
714 1896 799 1959 recte
824 1895 919 1959 vertit
940 1894 1125 1981 Xylandcr:

135 1996 249 2078 tpotest
269 1994 333 2059 hoc
352 1996 441 2059 sensu
460 1994 630 2081 dupliciter
643 1994 850 2081 accipi-vel,
869 1995 1032 2082 adjungere
1047 2010 1126 2083 pra-

135 2089 253 2177 rirsnllis
268 2093 425 2157 arationem
446 2095 625 2181 rationesque
643 2119 711 2180 quae
732 2094 778 2157 his
786 2093 886 2178 fabiis
904 2093 1059 2158 arrideant
1072 2119 1126 2158 ea·

135 2212 165 2253 οιι
183 2194 317 2280 probent:
350 2194 509 2281 rel-qna:
531 2195 611 2259 nobis
636 2193 798 2282 legentibus
822 2194 977 2259 arrideant
999 2219 1035 2259 aa
1055 2195 1127 2284 pla·

135 2308 197 2357 tant.
231 2299 341 2382 ltaque
364 2301 497 2379 ἐπιγελῶν
519 2296 603 2381 λόγος
624 2300 666 2362 est
680 2297 729 2361 vel
746 2296 837 2381 λέγων
854 2300 999 2382 ἐπιγελῶν,
1016 2312 1127 2378 orator,

135 2404 250 2475 ιοὶτοιιιιι,
272 2396 406 2460 σινιάσαι
421 2397 466 2459 his
478 2397 587 2482 sactis,
604 2397 652 2461 vel
671 2398 763 2461 oratio
778 2422 847 2485 quae
864 2398 946 2462 nabis
964 2398 1127 2486 legentibus

135 2488 206 2559 lant.
247 2496 298 2561 Sic
327 2495 513 2560 Plutarchus
541 2497 780 2660 comparatione
801 2497 1026 2584 elegantissima
1052 2501 1125 2565 Ad-

135 2594 184 2657 'eri
200 2598 324 2719 Epicur.
353 2619 386 2681 p.
404 2598 496 2679 1087.
521 2600 627 2676 Ezaq
664 2598 784 2676 οὴδοναι
805 2599 988 2686 καθάπερ
955 2627 1036 2686 αοραι
1053 2605 1126 2689 πρὸς

135 2693 207 2781 πέρας
224 2700 306 2787 ’έτοραι
324 2706 360 2762 τῦ
381 2701 509 2781 σώματος
530 2700 602 2786 ἄακρ
605 2729 626 2774 ις
646 2706 813 2785 ἐτιγολιοσαι
834 2703 1001 2787 διαχέονται,
1014 2703 1125 2788 volup·

135 2804 187 2857 aar
197 2797 261 2861 aliae
273 2801 362 2863 adl
327 2828 346 2864 a
362 2803 406 2864 ias
421 2803 544 2889 corporis
559 2804 767 2881 extremitates,
781 2814 814 2866 ut
828 2828 914 2866 aurae
929 2804 973 2865 ad
988 2819 1125 2889 proman-

135 2896 194 2976 trra,
213 2902 372 2965 arridentes
394 2903 617 2989 diffundantur.
657 2903 737 2969 lbid.
767 2925 800 2988 p.
818 2923 909 2989 1103.
926 2903 973 2967 C:
999 2902 1128 2986 μεγάλην

135 2996 190 3077 lnir
209 3006 374 3068 ‹caui-aler
393 3010 475 3083 αὐτὴν
494 3011 667 3089 ἐπιγελῶσαν
686 3010 740 3079 τοῖς
762 3009 890 3090 ἀγαθοῖς·
915 3005 966 3068 boc
986 3028 1127 3090 magnam

135 3092 179 3161 atr
195 3102 373 3191 voluptatem
396 3118 546 3190 tamqnam
568 3105 745 3167 arridentem
767 3103 858 3167 bonis.
901 3102 1128 3187 Aristophanes

135 3194 291 3289 lhelmoph.
317 3207 399 3290 985:
429 3209 533 3290 Ἑρμῆν
554 3232 583 3267 τι
605 3205 709 3286 Νόμιον
731 3203 855 3287 ἄντομαι,
883 3203 941 3283 Kal
964 3210 1060 3283 Πᾶνα,
1081 3196 1127 3284 και

135 3300 218 3385 littra
239 3309 335 3389 φίλας,
356 3311 546 3394 Ἐτιγελάσαι
566 3309 731 3396 προθύμοις,
752 3314 821 3383 Ταῖς
839 3308 979 3394 ἡμετέραις
997 3308 1126 3396 χαρέντα

135 3407 227 3492 :tirius
256 3433 322 3496 quo
343 3412 416 3476 loco
438 3413 540 3476 utitur
561 3412 657 3477 etiam
682 3409 874 3475 doclillimus
903 3413 938 3473 F
952 3412 991 3474 L.
1007 3409 1124 3474 Abrcs

135 3502 343 3576 lininilucid.
358 3513 505 3599 Thucyd.
521 3535 552 3599 p.
567 3531 641 3596 340.
657 3535 712 3597 qur
702 3511 771 3577 de
786 3513 848 3577 hoc
862 3514 921 3577 usu
935 3514 1020 3577 verbi
1036 3515 1127 3598 plura

135 3598 203 3676 ltroet,
254 3614 304 3675 lta
330 3613 427 3676 etiam
454 3614 497 3677 est
523 3613 688 3694 ἔτιμτιδιοέοι,
714 3613 902 3699 σροσγελοέω,
924 3614 1125 3699 προσμειδιάιο,

135 3708 187 3785 [llud
200 3733 274 3774 mox
289 3711 429 3795 sequitur
443 3733 475 3795 p
493 3711 543 3777 28.
556 3713 599 3774 A.

154 3823 194 3891 17.
154 3813 241 3875 1Ρ.
265 3812 410 3895 σύσκηνος]
440 3809 618 3896 Euripides,
641 3809 810 3894 Sophoclie
830 3808 955 3894 collega
971 3821 1005 3872 et
1025 3809 1148 3876 sociutr⁴

135 3907 254 3990 nicena,
277 3913 408 3989 σύσκηνος
429 3911 546 3976 dicitur
567 3910 651 3985 felici
674 3910 838 3975 tralatione
844 3934 855 3990 ι
878 3932 978 3996 quum
1000 3911 1127 3998 proprie

135 3999 243 4077 litentur
273 4012 335 4078 hoc
363 4013 492 4077 nomine
520 4012 739 4077 contubernales
766 4010 800 4075 in
826 4010 958 4075 militia:
988 4012 1126 4079 velutia

135 4098 271 4177 lutarcho
293 4113 377 4199 Opp.
399 4115 484 4177 Mor.
510 4135 543 4199 p.
561 4116 631 4193 148.
645 4114 689 4177 A.
713 4113 786 4197 998.
801 4113 846 4177 D.
881 4113 982 4178 Vitar.
1003 4137 1036 4199 p.
1055 4135 1124 4199 194

135 4203 152 4267 l·
165 4231 233 4298 497.
249 4217 292 4278 A.
316 4217 391 4279 620.
406 4217 442 4279 B.
457 4229 490 4279 ct
504 4215 572 4279 aliis
585 4217 679 4300 saepe.

152 4332 195 4399 17.
210 4323 244 4385 F.
267 4322 392 4407 Φαίδραν
410 4322 456 4400 καὶ
476 4331 775 4410 προσεγκαλοῦσαν
743 4331 783 4386 τῶ
804 4326 905 4407 Θησεῖ]
931 4325 1006 4387 Non
1028 4322 1071 4386 est
1093 4324 1126 4387 iu

135 4420 265 4501 ugoedia,
279 4443 352 4506 quae
368 4422 513 4507 superest,
535 4421 651 4511 Hippo
638 4450 665 4509 y
667 4436 694 4486 to
712 4423 940 4502 carana103sed
956 4422 1039 4487 tuit·
1032 4445 1062 4486 ru
1077 4446 1126 4506 ea,

135 4530 175 4592 luc
195 4524 297 4608 periit,
323 4523 481 4610 Hippolyto
503 4524 711 4610 καλοτῖομέιφε
735 4525 775 4589 dc
797 4547 931 4609 quarum
950 4523 1127 4592 differentia

135 4620 282 4688 ululandi
305 4626 378 4689 suut
402 4628 441 4691 L.
457 4626 496 4691 C.
512 4625 776 4691 Valckenarius
769 4648 800 4688 ιιι
823 4626 909 4688 Praef
905 4640 949 4691 at.
971 4625 1011 4689 ad
1033 4628 1125 4691 Euri-

176 4739 255 4787 σοι.
273 4744 325 4787 vr.
627 4746 641 4788 s
